transaction_ts,date,symbol,price,amount,dollar_amount,type,trans_id
1601510403,2020-10-01 0:00,ETH_USD,360.03,0.646,232.57938,buy,124289044
1601510403,2020-10-01 0:00,BTC_USD,10780.83,0.035,377.32905,buy,124289043
1601510404,2020-10-01 0:00,ETH_USD,360.12,0.523,188.34276,buy,124289045
1601510405,2020-10-01 0:00,BTC_USD,10784.42,0.25635676,2764.65897,buy,124289050
1601510407,2020-10-01 0:00,BTC_USD,10784.42,0.23877038,2575.000061,buy,124289051
1601510409,2020-10-01 0:00,BTC_USD,10784.42,1.01303547,10924.99998,buy,124289054
1601510410,2020-10-01 0:00,BTC_USD,10784.42,0.26135077,2818.516471,buy,124289055
1601510413,2020-10-01 0:00,ETH_USD,360.39,5.55416701,2001.666249,buy,124289059
1601510414,2020-10-01 0:00,ETH_USD,360.6,13.855,4996.113,buy,124289071
1601510415,2020-10-01 0:00,ETH_USD,360.24,6.32869733,2279.849926,sell,124289072
1601510421,2020-10-01 0:00,BTC_USD,10786.11,0.3192648,3443.625252,sell,124289082
1601510426,2020-10-01 0:00,BTC_USD,10790.79,0.00521073,56.22789318,buy,124289088
1601510435,2020-10-01 0:00,BTC_USD,10783.78,0.00313688,33.82742381,sell,124289093
1601510436,2020-10-01 0:00,BTC_USD,10783.78,0.01060437,114.3551931,sell,124289094
1601510441,2020-10-01 0:00,BTC_USD,10783.78,0.05826829,628.3524203,sell,124289097
1601510442,2020-10-01 0:00,BTC_USD,10783.78,0.02632332,283.8648917,sell,124289098
1601510465,2020-10-01 0:01,LTC_USD,46.24,3.49,161.3776,sell,124289099
1601510465,2020-10-01 0:01,BTC_USD,10782.36,0.02391811,257.8936725,sell,124289100
1601510472,2020-10-01 0:01,BTC_USD,10792.34,2.12543803,22938.44987,buy,124289114
1601510477,2020-10-01 0:01,BTC_USD,10791.84,0.00967696,104.432204,buy,124289124
1601510481,2020-10-01 0:01,BTC_USD,10793.02,0.00278777,30.08845737,sell,124289129
1601510482,2020-10-01 0:01,BTC_USD,10797.37,0.093,1004.15541,buy,124289134
1601510483,2020-10-01 0:01,BTC_USD,10800,1.72825104,18665.11123,buy,124289136
1601510484,2020-10-01 0:01,BTC_USD,10800,1.62681432,17569.59466,buy,124289137
1601510487,2020-10-01 0:01,BTC_USD,10799.67,0.21977411,2373.487863,sell,124289140
1601510489,2020-10-01 0:01,BTC_USD,10799.67,0.003,32.39901,sell,124289143
1601510494,2020-10-01 0:01,BTC_USD,10796.56,0.00670586,72.40021984,sell,124289147
1601510495,2020-10-01 0:01,BTC_USD,10798.19,0.00513601,55.45961182,sell,124289148
1601510514,2020-10-01 0:01,BTC_USD,10796.35,0.00522453,56.40585447,sell,124289154
1601510522,2020-10-01 0:02,ETH_USD,360.37,3.82490288,1378.380251,sell,124289156
1601510524,2020-10-01 0:02,BTC_USD,10803.84,0.66459806,7180.211105,buy,124289164
1601510525,2020-10-01 0:02,LTC_USD,46.34,16.79,778.0486,buy,124289168
1601510533,2020-10-01 0:02,BTC_USD,10795.72,0.00442402,47.76048119,sell,124289172
1601510554,2020-10-01 0:02,ETH_USD,360.37,10.65008812,3837.972256,sell,124289184
1601510554,2020-10-01 0:02,BTC_USD,10794.76,0.09690331,1046.047975,sell,124289186
1601510563,2020-10-01 0:02,ETH_USD,360.25,8,2882,buy,124289192
1601510563,2020-10-01 0:02,BTC_USD,10792.6,0.00654214,70.60670016,sell,124289189
1601510584,2020-10-01 0:03,BTC_USD,10796.35,0.00991294,107.0235698,buy,124289196
1601510599,2020-10-01 0:03,BTC_USD,10796.34,0.00567112,61.2273397,sell,124289198
1601510600,2020-10-01 0:03,BTC_USD,10799.77,0.00008706,0.940227976,buy,124289201
1601510609,2020-10-01 0:03,BTC_USD,10797.77,0.00863419,93.22999776,sell,124289207
1601510614,2020-10-01 0:03,BTC_USD,10797.87,0.00748154,80.78469632,sell,124289208
1601510635,2020-10-01 0:03,ETH_USD,360.41,13.87,4998.8867,sell,124289230
1601510635,2020-10-01 0:03,BTC_USD,10800.21,0.09467771,1022.53915,sell,124289229
1601510643,2020-10-01 0:04,BTC_USD,10800.21,0.00038889,4.200093667,buy,124289233
1601510657,2020-10-01 0:04,BTC_USD,10802.47,0.0023358,25.23240943,buy,124289237
1601510658,2020-10-01 0:04,ETH_USD,360.48,0.00044736,0.161264333,buy,124289239
1601510661,2020-10-01 0:04,BTC_USD,10807.87,0.015,162.11805,buy,124289247
1601510663,2020-10-01 0:04,BTC_USD,10813.35,0.4622,4997.93037,buy,124289259
1601510665,2020-10-01 0:04,ETH_USD,360.84,0.00058184,0.209951146,buy,124289274
1601510665,2020-10-01 0:04,LTC_USD,46.37,43.0477,1996.121849,buy,124289272
1601510665,2020-10-01 0:04,BTC_USD,10816.81,0.00268519,29.04519004,buy,124289269
1601510666,2020-10-01 0:04,ETH_USD,360.93,0.20058248,72.39623451,sell,124289279
1601510667,2020-10-01 0:04,BTC_USD,10818.02,0.4615,4992.51623,sell,124289285
1601510668,2020-10-01 0:04,BTC_USD,10818.65,0.4325,4679.066125,sell,124289291
1601510671,2020-10-01 0:04,ETH_USD,361.17,5,1805.85,buy,124289296
1601510671,2020-10-01 0:04,BTC_USD,10823.3,0.00089727,9.711422391,buy,124289302
1601510672,2020-10-01 0:04,ETH_USD,361.19,0.99,357.5781,sell,124289314
1601510672,2020-10-01 0:04,LTC_USD,46.4,66.9212,3105.14368,buy,124289316
1601510672,2020-10-01 0:04,BTC_USD,10827.41,0.00398156,43.10998256,sell,124289317
1601510673,2020-10-01 0:04,ETH_USD,361.19,0.0009424,0.340385456,buy,124289320
1601510674,2020-10-01 0:04,BTC_USD,10825.36,0.028,303.11008,sell,124289324
1601510675,2020-10-01 0:04,BTC_USD,10819.03,0.4617,4995.146151,sell,124289325
1601510681,2020-10-01 0:04,BTC_USD,10815.77,0.901,9745.00877,sell,124289333
1601510683,2020-10-01 0:04,BTC_USD,10815.63,0.4613,4989.250119,sell,124289334
1601510685,2020-10-01 0:04,ETH_USD,360.8,1.15,414.92,buy,124289336
1601510686,2020-10-01 0:04,BTC_USD,10814.55,0.1,1081.455,sell,124289337
1601510688,2020-10-01 0:04,BTC_USD,10815.11,0.1,1081.511,sell,124289338
1601510689,2020-10-01 0:04,BTC_USD,10815.11,0.1,1081.511,sell,124289339
1601510690,2020-10-01 0:04,BTC_USD,10815.21,0.1,1081.521,sell,124289341
1601510691,2020-10-01 0:04,ETH_USD,360.68,8,2885.44,buy,124289343
1601510693,2020-10-01 0:04,BTC_USD,10811.1,0.00250901,27.12515801,sell,124289344
1601510698,2020-10-01 0:04,ETH_USD,360.67,0.717,258.60039,buy,124289345
1601510701,2020-10-01 0:05,ETH_USD,360.74,0.45150996,162.877703,sell,124289346
1601510705,2020-10-01 0:05,BTC_USD,10814.04,0.028,302.79312,sell,124289347
1601510713,2020-10-01 0:05,ETH_USD,360.94,0.60612245,218.7738371,buy,124289349
1601510713,2020-10-01 0:05,BTC_USD,10819.64,0.0068,73.573552,buy,124289351
1601510716,2020-10-01 0:05,BTC_USD,10818.7,0.00504558,54.58661635,sell,124289355
1601510724,2020-10-01 0:05,ETH_USD,360.86,7.5,2706.45,buy,124289362
1601510725,2020-10-01 0:05,ETH_USD,360.86,0.2,72.172,sell,124289363
1601510731,2020-10-01 0:05,BTC_USD,10817.08,0.00868948,93.99480032,sell,124289366
1601510734,2020-10-01 0:05,BTC_USD,10817.25,0.00916654,99.15675482,sell,124289367
1601510735,2020-10-01 0:05,ETH_USD,360.87,0.6145,221.754615,buy,124289368
1601510735,2020-10-01 0:05,BTC_USD,10823.3,0.54206648,5866.948133,buy,124289371
1601510739,2020-10-01 0:05,BTC_USD,10817.93,0.00517605,55.99414658,sell,124289372
1601510746,2020-10-01 0:05,BTC_USD,10824.47,0.03606591,390.3943608,buy,124289375
1601510748,2020-10-01 0:05,ETH_USD,360.92,0.00001354,0.004886857,buy,124289377
1601510749,2020-10-01 0:05,BTC_USD,10819.56,0.023,248.84988,sell,124289378
1601510754,2020-10-01 0:05,BTC_USD,10820.06,0.00244915,26.49994995,buy,124289379
1601510766,2020-10-01 0:06,BTC_USD,10823.3,0.0951281,1029.599965,buy,124289387
1601510769,2020-10-01 0:06,BTC_USD,10819.45,0.00510205,55.20137487,sell,124289389
1601510773,2020-10-01 0:06,BTC_USD,10820.86,0.1,1082.086,sell,124289391
1601510774,2020-10-01 0:06,BTC_USD,10821.04,0.00323475,35.00335914,sell,124289392
1601510775,2020-10-01 0:06,BTC_USD,10821.05,0.00278004,30.08295184,sell,124289393
1601510778,2020-10-01 0:06,BTC_USD,10822.31,0.00694917,75.20607198,sell,124289395
1601510787,2020-10-01 0:06,BTC_USD,10826.72,0.0118,127.755296,buy,124289402
1601510793,2020-10-01 0:06,BTC_USD,10829.84,0.0998,1080.818032,buy,124289406
1601510794,2020-10-01 0:06,BTC_USD,10829.6,0.0058289,63.12465544,buy,124289407
1601510798,2020-10-01 0:06,ETH_USD,361.2,0.57893161,209.1100975,sell,124289409
1601510803,2020-10-01 0:06,BTC_USD,10824.3,0.00944047,102.1864794,sell,124289411
1601510806,2020-10-01 0:06,BTC_USD,10821.8,0.27731507,3001.048225,sell,124289424
1601510807,2020-10-01 0:06,BTC_USD,10823.97,0.00262254,28.38629428,buy,124289425
1601510823,2020-10-01 0:07,BTC_USD,10819.76,0.02159643,233.6681895,sell,124289431
1601510828,2020-10-01 0:07,BTC_USD,10817.1,0.2,2163.42,buy,124289432
1601510849,2020-10-01 0:07,BTC_USD,10817.86,0.04617354,499.4988914,buy,124289435
1601510851,2020-10-01 0:07,BTC_USD,10812.02,0.00860035,92.98715621,sell,124289436
1601510854,2020-10-01 0:07,BTC_USD,10812.12,0.00872439,94.32915161,sell,124289438
1601510867,2020-10-01 0:07,BTC_USD,10808.72,0.00533731,57.68948934,sell,124289443
1601510876,2020-10-01 0:07,ETH_USD,360.71,10.20239774,3680.106889,buy,124289450
1601510900,2020-10-01 0:08,BTC_USD,10816.14,0.00603867,65.31510013,buy,124289459
1601510903,2020-10-01 0:08,BTC_USD,10810.75,0.4606,4979.43145,sell,124289464
1601510925,2020-10-01 0:08,ETH_USD,360.53,0.2672165,96.33956475,buy,124289479
1601510925,2020-10-01 0:08,BTC_USD,10814.52,0.694,7505.27688,buy,124289478
1601510926,2020-10-01 0:08,ETH_USD,360.63,0.2,72.126,sell,124289484
1601510926,2020-10-01 0:08,BTC_USD,10816.81,0.00003703,0.400546474,buy,124289486
1601510956,2020-10-01 0:09,BTC_USD,10818.35,0.00473137,51.18561664,sell,124289491
1601510959,2020-10-01 0:09,BTC_USD,10818.08,0.00631005,68.2626257,sell,124289492
1601510962,2020-10-01 0:09,ETH_USD,360.72,7.5,2705.4,buy,124289494
1601510971,2020-10-01 0:09,BTC_USD,10815.71,0.00711389,76.94177121,sell,124289498
1601510974,2020-10-01 0:09,BTC_USD,10815.84,0.01071502,115.8919419,sell,124289499
1601510976,2020-10-01 0:09,BTC_USD,10815.84,0.00484554,52.40858535,sell,124289500
1601510993,2020-10-01 0:09,ETH_USD,360.72,13.86,4999.5792,sell,124289504
1601510996,2020-10-01 0:09,BTC_USD,10816.68,0.04187806,452.981574,sell,124289507
1601510998,2020-10-01 0:09,ETH_USD,360.56,27.07332849,9761.55932,sell,124289512
1601510998,2020-10-01 0:09,BTC_USD,10816.68,0.15354625,1660.860651,sell,124289516
1601511010,2020-10-01 0:10,LTC_USD,46.37,2.49,115.4613,buy,124289524
1601511013,2020-10-01 0:10,BTC_USD,10815.74,0.03284869,355.2828904,sell,124289525
1601511020,2020-10-01 0:10,BTC_USD,10814.56,0.00476,51.4773056,sell,124289530
1601511025,2020-10-01 0:10,BTC_USD,10819.58,0.18058,1953.799756,buy,124289531
1601511030,2020-10-01 0:10,ETH_USD,359.95,3.05079699,1098.134377,buy,124289534
1601511030,2020-10-01 0:10,BTC_USD,10813.16,0.09797286,1059.396211,sell,124289535
1601511034,2020-10-01 0:10,BTC_USD,10808.92,0.37487611,4052.005883,sell,124289550
1601511046,2020-10-01 0:10,BTC_USD,10808.52,0.00971189,104.9711573,sell,124289554
1601511049,2020-10-01 0:10,BTC_USD,10807.71,0.38917264,4206.065033,sell,124289555
1601511052,2020-10-01 0:10,ETH_USD,359.91,0.646,232.50186,buy,124289557
1601511071,2020-10-01 0:11,BTC_USD,10810.51,0.137,1481.03987,buy,124289564
1601511072,2020-10-01 0:11,BTC_USD,10811.46,0.321,3470.47866,buy,124289565
1601511077,2020-10-01 0:11,BTC_USD,10811.63,0.2,2162.326,buy,124289566
1601511084,2020-10-01 0:11,BTC_USD,10811.91,0.30837202,3334.090527,buy,124289570
1601511093,2020-10-01 0:11,BTC_USD,10806.89,0.00769028,83.10801003,sell,124289571
1601511094,2020-10-01 0:11,BTC_USD,10806.88,0.00874669,94.52442923,sell,124289573
1601511098,2020-10-01 0:11,BTC_USD,10810.82,0.458,4951.35556,buy,124289574
1601511118,2020-10-01 0:11,BTC_USD,10807.06,0.00486857,52.6149281,sell,124289577
1601511141,2020-10-01 0:12,BTC_USD,10805.26,0.03828041,413.629783,sell,124289585
1601511166,2020-10-01 0:12,LTC_USD,46.31,15.6351,724.061481,buy,124289593
1601511166,2020-10-01 0:12,BTC_USD,10807.42,0.0050279,54.33862702,sell,124289594
1601511194,2020-10-01 0:13,BTC_USD,10813.02,0.18003952,1946.770931,buy,124289598
1601511199,2020-10-01 0:13,BTC_USD,10813.02,0.037,400.08174,buy,124289604
1601511200,2020-10-01 0:13,BTC_USD,10808.73,0.09418214,1017.989322,sell,124289608
1601511206,2020-10-01 0:13,LTC_USD,46.27,2.6,120.302,sell,124289612
1601511213,2020-10-01 0:13,BTC_USD,10808.25,0.01005309,108.65631,sell,124289613
1601511215,2020-10-01 0:13,BTC_USD,10807.96,0.00890289,96.222079,sell,124289614
1601511239,2020-10-01 0:13,BTC_USD,10808.81,0.00537631,58.11151329,sell,124289616
1601511286,2020-10-01 0:14,BTC_USD,10809.26,0.09574436,1034.925681,sell,124289643
1601511309,2020-10-01 0:15,LTC_USD,46.34,63.2314,2930.143076,buy,124289648
1601511312,2020-10-01 0:15,BTC_USD,10813.02,0.0000228,0.246536856,buy,124289649
1601511317,2020-10-01 0:15,BTC_USD,10813.02,0.00694296,75.07436534,sell,124289650
1601511321,2020-10-01 0:15,BTC_USD,10817.47,0.32965851,3566.071042,buy,124289653
1601511322,2020-10-01 0:15,BTC_USD,10813.02,0.00599859,64.86287364,sell,124289654
1601511323,2020-10-01 0:15,ETH_USD,360.55,51.05,18406.0775,sell,124289655
1601511326,2020-10-01 0:15,BTC_USD,10813.03,0.00484377,52.37583032,sell,124289656
1601511334,2020-10-01 0:15,BTC_USD,10813.16,0.00887013,95.91413491,sell,124289658
1601511338,2020-10-01 0:15,BTC_USD,10818.25,0.00746297,80.7362752,buy,124289660
1601511352,2020-10-01 0:15,ETH_USD,360.65,13.862,4999.3303,buy,124289663
1601511374,2020-10-01 0:16,ETH_USD,360.65,0.07231619,26.08083392,buy,124289679
1601511380,2020-10-01 0:16,BTC_USD,10816.99,0.01,108.1699,sell,124289680
1601511384,2020-10-01 0:16,ETH_USD,360.58,0.513164,185.0366751,sell,124289681
1601511385,2020-10-01 0:16,ETH_USD,360.58,0.480341,173.2013578,sell,124289683
1601511387,2020-10-01 0:16,ETH_USD,360.55,0.546851,197.1671281,sell,124289684
1601511388,2020-10-01 0:16,ETH_USD,360.55,0.513561,185.1644186,sell,124289685
1601511390,2020-10-01 0:16,ETH_USD,360.57,0.541355,195.1963724,sell,124289687
1601511391,2020-10-01 0:16,ETH_USD,360.55,0.551935,199.0001642,sell,124289689
1601511395,2020-10-01 0:16,ETH_USD,360.54,1.948863,702.643066,sell,124289691
1601511396,2020-10-01 0:16,ETH_USD,360.54,1.807455,651.6598257,sell,124289692
1601511398,2020-10-01 0:16,ETH_USD,360.51,0.12286,44.2922586,buy,124289695
1601511398,2020-10-01 0:16,BTC_USD,10813.46,0.2813569,3042.441584,sell,124289694
1601511399,2020-10-01 0:16,BTC_USD,10813.46,0.0010064,10.88266614,sell,124289698
1601511408,2020-10-01 0:16,BTC_USD,10809.24,0.00886277,95.79980799,sell,124289701
1601511417,2020-10-01 0:16,BTC_USD,10808.57,0.12176078,1316.059914,sell,124289704
1601511418,2020-10-01 0:16,BTC_USD,10812.05,0.0035476,38.35682858,buy,124289705
1601511420,2020-10-01 0:17,BTC_USD,10805.31,0.02749933,297.1387854,sell,124289706
1601511421,2020-10-01 0:17,BTC_USD,10811.41,0.14454646,1562.751043,buy,124289707
1601511423,2020-10-01 0:17,ETH_USD,360.41,13.862,4996.00342,buy,124289709
1601511437,2020-10-01 0:17,ETH_USD,360.42,35.06511,12638.16695,sell,124289711
1601511448,2020-10-01 0:17,BTC_USD,10807.1,0.38102639,4117.790299,sell,124289719
1601511454,2020-10-01 0:17,BTC_USD,10804.68,0.00851503,92.00217434,sell,124289720
1601511455,2020-10-01 0:17,BTC_USD,10804.67,0.00896982,96.91594506,sell,124289721
1601511460,2020-10-01 0:17,BTC_USD,10802.72,0.11167996,1206.447337,sell,124289724
1601511473,2020-10-01 0:17,ETH_USD,360.29,15.08,5433.1732,buy,124289726
1601511514,2020-10-01 0:18,BTC_USD,10807.22,0.01736246,187.639925,buy,124289739
1601511525,2020-10-01 0:18,BTC_USD,10802.55,0.41283988,4459.723446,sell,124289745
1601511528,2020-10-01 0:18,BTC_USD,10799.87,0.00487053,52.60109083,sell,124289747
1601511538,2020-10-01 0:18,LTC_USD,46.35,1.0733549,49.74999962,buy,124289749
1601511539,2020-10-01 0:18,BTC_USD,10805.56,0.00394799,42.66024282,buy,124289750
1601511555,2020-10-01 0:19,BTC_USD,10800.96,0.37184049,4016.234259,sell,124289755
1601511558,2020-10-01 0:19,BTC_USD,10804.29,0.00726436,78.4862521,buy,124289756
1601511572,2020-10-01 0:19,BTC_USD,10804.33,0.17087937,1846.237104,buy,124289759
1601511574,2020-10-01 0:19,ETH_USD,360.53,0.07143,25.7526579,buy,124289761
1601511575,2020-10-01 0:19,BTC_USD,10800.66,0.00850505,91.86015333,sell,124289762
1601511576,2020-10-01 0:19,BTC_USD,10800.66,0.00889795,96.10373265,sell,124289763
1601511592,2020-10-01 0:19,BTC_USD,10801.93,0.0289,312.175777,sell,124289765
1601511593,2020-10-01 0:19,BTC_USD,10801.2,0.00572718,61.86041662,sell,124289766
1601511602,2020-10-01 0:20,BTC_USD,10804.43,0.008397,90.72479871,buy,124289772
1601511603,2020-10-01 0:20,ETH_USD,360.48,1.052854,379.5328099,sell,124289775
1601511604,2020-10-01 0:20,ETH_USD,360.48,2,720.96,sell,124289777
1601511622,2020-10-01 0:20,BTC_USD,10808.51,0.02230094,241.039933,buy,124289785
1601511639,2020-10-01 0:20,BTC_USD,10807.86,0.436,4712.22696,buy,124289792
1601511642,2020-10-01 0:20,BTC_USD,10807.02,0.03209621,346.8643834,buy,124289796
1601511645,2020-10-01 0:20,BTC_USD,10804.55,0.486,5251.0113,buy,124289797
1601511649,2020-10-01 0:20,BTC_USD,10799.07,0.00485658,52.44654738,sell,124289798
1601511652,2020-10-01 0:20,BTC_USD,10804.55,0.44029582,4757.198202,buy,124289800
1601511661,2020-10-01 0:21,ETH_USD,360.27,0.87337,314.6490099,buy,124289801
1601511662,2020-10-01 0:21,ETH_USD,360.39,16.0329897,5778.129158,buy,124289802
1601511678,2020-10-01 0:21,ETH_USD,360.45,0.19207346,69.23287866,buy,124289805
1601511678,2020-10-01 0:21,BTC_USD,10799.88,0.00651817,70.39545382,sell,124289806
1601511687,2020-10-01 0:21,BTC_USD,10800.11,0.00640109,69.13247612,sell,124289807
1601511689,2020-10-01 0:21,ETH_USD,360.45,14.37560727,5181.68764,buy,124289810
1601511689,2020-10-01 0:21,BTC_USD,10804.53,0.005932,64.09247196,buy,124289815
1601511692,2020-10-01 0:21,ETH_USD,360.46,0.950473,342.6074976,sell,124289816
1601511694,2020-10-01 0:21,ETH_USD,360.46,0.884243,318.7342318,sell,124289817
1601511695,2020-10-01 0:21,ETH_USD,360.46,0.823901,296.9833545,sell,124289818
1601511695,2020-10-01 0:21,BTC_USD,10802.72,0.00878077,94.85619969,sell,124289819
1601511696,2020-10-01 0:21,BTC_USD,10802.72,0.00859341,92.83220208,sell,124289821
1601511697,2020-10-01 0:21,ETH_USD,360.46,0.774641,279.2270949,sell,124289823
1601511699,2020-10-01 0:21,ETH_USD,360.46,0.716441,258.2483229,sell,124289824
1601511700,2020-10-01 0:21,ETH_USD,360.46,0.664243,239.4330318,sell,124289825
1601511705,2020-10-01 0:21,BTC_USD,10802.93,0.0046824,50.58363943,sell,124289827
1601511711,2020-10-01 0:21,ETH_USD,360.46,1.021913,368.35876,sell,124289828
1601511713,2020-10-01 0:21,ETH_USD,360.49,2,720.98,sell,124289829
1601511714,2020-10-01 0:21,ETH_USD,360.47,0.817656,294.7404583,sell,124289830
1601511715,2020-10-01 0:21,ETH_USD,360.46,2,720.92,sell,124289831
1601511718,2020-10-01 0:21,ETH_USD,360.47,0.764806,275.6896188,sell,124289834
1601511719,2020-10-01 0:21,ETH_USD,360.47,0.715027,257.7457827,sell,124289835
1601511721,2020-10-01 0:22,ETH_USD,360.45,0.66629,240.1642305,sell,124289836
1601511722,2020-10-01 0:22,ETH_USD,360.37,0.618727,222.970649,sell,124289837
1601511744,2020-10-01 0:22,ETH_USD,360.41,0.945018,340.5939374,sell,124289844
1601511745,2020-10-01 0:22,BTC_USD,10805.28,0.00544893,58.87721435,sell,124289845
1601511755,2020-10-01 0:22,BTC_USD,10809.14,0.01705743,184.3761489,buy,124289847
1601511763,2020-10-01 0:22,BTC_USD,10805.3,0.4605,4975.84065,sell,124289853
1601511769,2020-10-01 0:22,BTC_USD,10804.08,0.00554834,59.94470923,sell,124289855
1601511785,2020-10-01 0:23,ETH_USD,360.48,0.00001444,0.005205331,buy,124289858
1601511785,2020-10-01 0:23,BTC_USD,10810.32,1.16324031,12574.99999,buy,124289860
1601511786,2020-10-01 0:23,ETH_USD,360.49,8.78726751,3167.722065,sell,124289861
1601511787,2020-10-01 0:23,ETH_USD,360.49,0.523499,188.7161545,sell,124289863
1601511789,2020-10-01 0:23,ETH_USD,360.49,0.943201,340.0145285,sell,124289866
1601511790,2020-10-01 0:23,ETH_USD,360.49,0.510759,184.1235119,sell,124289868
1601511792,2020-10-01 0:23,ETH_USD,360.49,1.799337,648.6429951,sell,124289870
1601511802,2020-10-01 0:23,ETH_USD,360.59,1.73673,626.2474707,buy,124289873
1601511803,2020-10-01 0:23,ETH_USD,360.62,5.35157164,1929.883765,buy,124289875
1601511815,2020-10-01 0:23,BTC_USD,10810.01,0.00891482,96.36929335,sell,124289879
1601511816,2020-10-01 0:23,BTC_USD,10810.01,0.00785683,84.93241087,sell,124289880
1601511827,2020-10-01 0:23,BTC_USD,10810.32,0.03949,426.8995368,buy,124289883
1601511839,2020-10-01 0:23,BTC_USD,10810.32,0.12306253,1330.345329,buy,124289888
1601511866,2020-10-01 0:24,ETH_USD,360.73,0.39219198,141.4754129,buy,124289904
1601511866,2020-10-01 0:24,BTC_USD,10817.19,0.463,5008.35897,buy,124289905
1601511867,2020-10-01 0:24,ETH_USD,360.73,0.23480802,84.70229705,buy,124289906
1601511868,2020-10-01 0:24,ETH_USD,360.63,2.218,799.87734,buy,124289907
1601511869,2020-10-01 0:24,BTC_USD,10818.13,0.02192044,237.1381696,buy,124289908
1601511872,2020-10-01 0:24,LTC_USD,46.42,3.11,144.3662,buy,124289909
1601511889,2020-10-01 0:24,BTC_USD,10816.03,0.00504675,54.5857994,sell,124289911
1601511936,2020-10-01 0:25,BTC_USD,10817.39,0.00831813,89.98045628,sell,124289931
1601511938,2020-10-01 0:25,BTC_USD,10817.39,0.01100522,119.0477568,sell,124289933
1601511940,2020-10-01 0:25,ETH_USD,360.35,13.851,4991.20785,sell,124289936
1601511941,2020-10-01 0:25,BTC_USD,10817.39,0.17015464,1840.629101,sell,124289947
1601511945,2020-10-01 0:25,ETH_USD,360.28,2.63457485,949.184627,buy,124289951
1601511946,2020-10-01 0:25,ETH_USD,360.31,1.18102873,425.5364617,sell,124289952
1601511957,2020-10-01 0:25,BTC_USD,10816.37,0.00496981,53.75530379,sell,124289955
1601511958,2020-10-01 0:25,ETH_USD,360.35,7.35,2648.5725,buy,124289960
1601511959,2020-10-01 0:25,BTC_USD,10816.37,0.00472754,51.13482183,sell,124289961
1601512010,2020-10-01 0:26,BTC_USD,10815.73,0.00912251,98.66660508,sell,124289975
1601512018,2020-10-01 0:26,BTC_USD,10815.19,0.36244838,3919.948095,buy,124289976
1601512021,2020-10-01 0:27,ETH_USD,360.1,7.5,2700.75,sell,124289977
1601512022,2020-10-01 0:27,BTC_USD,10812.56,0.203,2194.94968,sell,124289986
1601512026,2020-10-01 0:27,BTC_USD,10812.46,0.2694213,2913.107029,sell,124289988
1601512035,2020-10-01 0:27,ETH_USD,359.9,15.9,5722.41,buy,124289991
1601512036,2020-10-01 0:27,ETH_USD,359.84,1.84622886,664.346993,buy,124289994
1601512041,2020-10-01 0:27,BTC_USD,10810.42,0.00593766,64.18859842,sell,124289995
1601512044,2020-10-01 0:27,ETH_USD,359.84,8,2878.72,buy,124289997
1601512053,2020-10-01 0:27,BTC_USD,10810.42,0.00693561,74.97685706,sell,124289999
1601512056,2020-10-01 0:27,BTC_USD,10810.58,0.00971438,105.0180821,sell,124290000
1601512058,2020-10-01 0:27,BTC_USD,10810.58,0.00974641,105.364345,sell,124290001
1601512059,2020-10-01 0:27,ETH_USD,359.93,2.89,1040.1977,buy,124290002
1601512060,2020-10-01 0:27,ETH_USD,359.9,0.02852135,10.26483387,buy,124290005
1601512061,2020-10-01 0:27,BTC_USD,10813.88,0.25436261,2750.646741,buy,124290006
1601512062,2020-10-01 0:27,ETH_USD,359.96,0.83560857,300.7856609,sell,124290013
1601512062,2020-10-01 0:27,BTC_USD,10812.84,0.00117887,12.74693269,buy,124290012
1601512064,2020-10-01 0:27,ETH_USD,359.94,1.57618557,567.3322341,sell,124290014
1601512076,2020-10-01 0:27,BTC_USD,10815.05,0.0419373,453.5539964,buy,124290019
1601512089,2020-10-01 0:28,ETH_USD,359.81,10.45068955,3760.262607,sell,124290022
1601512098,2020-10-01 0:28,ETH_USD,359.78,16.84441831,6060.28482,sell,124290026
1601512107,2020-10-01 0:28,ETH_USD,359.58,2.12,762.3096,buy,124290034
1601512107,2020-10-01 0:28,BTC_USD,10811.78,0.06908722,746.9558235,sell,124290035
1601512110,2020-10-01 0:28,ETH_USD,359.41,30,10782.3,buy,124290036
1601512113,2020-10-01 0:28,ETH_USD,359.36,8,2874.88,buy,124290039
1601512117,2020-10-01 0:28,ETH_USD,359.34,13.22,4750.4748,buy,124290040
1601512118,2020-10-01 0:28,ETH_USD,359.34,0.0072165,2.59317711,buy,124290041
1601512121,2020-10-01 0:28,ETH_USD,359.42,1.31874972,473.9850244,buy,124290043
1601512122,2020-10-01 0:28,ETH_USD,359.4,0.21334287,76.67542748,sell,124290044
1601512126,2020-10-01 0:28,BTC_USD,10812.44,0.19230547,2079.291356,buy,124290050
1601512128,2020-10-01 0:28,ETH_USD,359.32,4.12,1480.3984,buy,124290052
1601512132,2020-10-01 0:28,BTC_USD,10807.47,0.4609,4981.162923,sell,124290053
1601512134,2020-10-01 0:28,ETH_USD,359.27,5.76,2069.3952,buy,124290056
1601512146,2020-10-01 0:29,ETH_USD,359.02,4.92,1766.3784,sell,124290063
1601512147,2020-10-01 0:29,ETH_USD,359.1,8,2872.8,buy,124290064
1601512147,2020-10-01 0:29,BTC_USD,10804.67,0.03909895,422.4512521,sell,124290066
1601512157,2020-10-01 0:29,BTC_USD,10800.88,0.005,54.0044,sell,124290070
1601512165,2020-10-01 0:29,ETH_USD,359.02,3.59628866,1291.139555,buy,124290072
1601512168,2020-10-01 0:29,BTC_USD,10798.9,0.00473213,51.10179866,sell,124290073
1601512176,2020-10-01 0:29,BTC_USD,10798.9,0.00728579,78.67851763,sell,124290074
1601512178,2020-10-01 0:29,BTC_USD,10798.9,0.00793988,85.74197013,sell,124290075
1601512189,2020-10-01 0:29,ETH_USD,358.86,5,1794.3,sell,124290079
1601512190,2020-10-01 0:29,ETH_USD,359.01,1.88398395,676.3690779,buy,124290080
1601512191,2020-10-01 0:29,ETH_USD,359.02,1.25140371,449.27896,sell,124290081
1601512192,2020-10-01 0:29,ETH_USD,359.11,0.0016709,0.600036899,buy,124290085
1601512193,2020-10-01 0:29,ETH_USD,359.05,2.76,990.978,buy,124290087
1601512200,2020-10-01 0:30,ETH_USD,359.07,0.64600256,231.9601392,buy,124290090
1601512201,2020-10-01 0:30,ETH_USD,359.29,0.205,73.65445,buy,124290097
1601512201,2020-10-01 0:30,BTC_USD,10802.47,0.14867231,1606.028169,buy,124290092
1601512202,2020-10-01 0:30,ETH_USD,359.23,1.04867646,376.7160447,sell,124290098
1601512203,2020-10-01 0:30,ETH_USD,359.45,0.343,123.29135,buy,124290101
1601512206,2020-10-01 0:30,ETH_USD,359.36,2.89,1038.5504,buy,124290102
1601512211,2020-10-01 0:30,BTC_USD,10808.8,0.02913054,314.8661808,buy,124290108
1601512214,2020-10-01 0:30,ETH_USD,359.37,1.85195877,665.5384232,sell,124290110
1601512220,2020-10-01 0:30,ETH_USD,359.47,2.357,847.27079,buy,124290115
1601512221,2020-10-01 0:30,ETH_USD,359.47,0.26,93.4622,buy,124290116
1601512224,2020-10-01 0:30,ETH_USD,359.47,0.51779591,186.1320958,buy,124290118
1601512236,2020-10-01 0:30,ETH_USD,359.38,30.13418456,10829.62325,buy,124290121
1601512251,2020-10-01 0:30,BTC_USD,10802.85,0.00981753,106.057304,sell,124290123
1601512255,2020-10-01 0:30,ETH_USD,359.54,0.322,115.77188,buy,124290124
1601512256,2020-10-01 0:30,ETH_USD,359.62,0.2,71.924,sell,124290134
1601512256,2020-10-01 0:30,BTC_USD,10802.97,0.00524284,56.63824323,sell,124290133
1601512257,2020-10-01 0:30,ETH_USD,359.65,0.39448083,141.8750305,sell,124290138
1601512271,2020-10-01 0:31,ETH_USD,359.79,0.00551436,1.984011584,buy,124290142
1601512272,2020-10-01 0:31,ETH_USD,359.77,13.877,4992.52829,sell,124290143
1601512273,2020-10-01 0:31,BTC_USD,10810.29,0.05,540.5145,buy,124290146
1601512281,2020-10-01 0:31,ETH_USD,359.71,3.44204082,1238.136503,sell,124290154
1601512281,2020-10-01 0:31,BTC_USD,10808.1,0.0052201,56.41936281,sell,124290152
1601512292,2020-10-01 0:31,ETH_USD,359.71,0.648,233.09208,buy,124290159
1601512294,2020-10-01 0:31,ETH_USD,359.57,10.38035546,3732.464413,sell,124290160
1601512297,2020-10-01 0:31,BTC_USD,10806.4,0.00891228,96.30966259,sell,124290164
1601512298,2020-10-01 0:31,BTC_USD,10806.16,0.00743023,80.29225422,sell,124290165
1601512318,2020-10-01 0:31,BTC_USD,10806.44,0.003,32.41932,sell,124290170
1601512319,2020-10-01 0:31,BTC_USD,10806.44,0.00478693,51.72967183,sell,124290172
1601512326,2020-10-01 0:32,BTC_USD,10808.29,0.18004838,1946.015105,buy,124290173
1601512327,2020-10-01 0:32,BTC_USD,10801.63,0.00472788,51.06881044,sell,124290174
1601512339,2020-10-01 0:32,BTC_USD,10801.75,0.09040898,976.5751997,sell,124290177
1601512340,2020-10-01 0:32,BTC_USD,10801.75,0.39578701,4275.192335,sell,124290182
1601512344,2020-10-01 0:32,ETH_USD,359.3,0.437,157.0141,buy,124290183
1601512347,2020-10-01 0:32,ETH_USD,359.38,0.25997654,93.43036895,buy,124290184
1601512348,2020-10-01 0:32,ETH_USD,359.4,2.29496788,824.8114561,sell,124290185
1601512371,2020-10-01 0:32,BTC_USD,10800.9,0.00535413,57.82942272,sell,124290193
1601512387,2020-10-01 0:33,ETH_USD,359.67,1.21559524,437.21314,buy,124290196
1601512403,2020-10-01 0:33,ETH_USD,359.5,0.096,34.512,sell,124290199
1601512413,2020-10-01 0:33,ETH_USD,359.54,10.22244477,3675.377793,sell,124290200
1601512415,2020-10-01 0:33,BTC_USD,10798.85,0.00639742,69.08477897,sell,124290201
1601512418,2020-10-01 0:33,BTC_USD,10799.66,0.01092883,118.0276482,sell,124290203
1601512419,2020-10-01 0:33,ETH_USD,359.57,1.4812,532.595084,buy,124290207
1601512419,2020-10-01 0:33,BTC_USD,10803.42,0.11422996,1234.074234,buy,124290206
1601512420,2020-10-01 0:33,BTC_USD,10802.29,0.02,216.0458,sell,124290208
1601512442,2020-10-01 0:34,BTC_USD,10803.19,0.28870245,3118.907421,sell,124290212
1601512446,2020-10-01 0:34,BTC_USD,10803.19,0.00545153,58.89391438,sell,124290213
1601512457,2020-10-01 0:34,BTC_USD,10806.02,0.01,108.0602,buy,124290217
1601512458,2020-10-01 0:34,BTC_USD,10806.03,0.00029843,3.224843533,buy,124290219
1601512462,2020-10-01 0:34,BTC_USD,10800.98,0.09102944,983.2071609,sell,124290223
1601512464,2020-10-01 0:34,BTC_USD,10800.98,0.38067171,4111.627526,sell,124290224
1601512510,2020-10-01 0:35,BTC_USD,10801.15,0.14394308,1554.750799,buy,124290230
1601512512,2020-10-01 0:35,ETH_USD,359.58,0.64600495,232.2904599,buy,124290232
1601512512,2020-10-01 0:35,LTC_USD,46.31,32.3904,1499.999424,buy,124290233
1601512514,2020-10-01 0:35,ETH_USD,359.66,0.34242083,123.1550757,buy,124290241
1601512514,2020-10-01 0:35,BTC_USD,10801.17,0.43731,4723.459653,buy,124290242
1601512515,2020-10-01 0:35,ETH_USD,359.84,0.559,201.15056,buy,124290243
1601512538,2020-10-01 0:35,BTC_USD,10798.25,0.0074038,79.94808335,sell,124290250
1601512565,2020-10-01 0:36,BTC_USD,10798.05,0.02942984,317.7848838,sell,124290269
1601512566,2020-10-01 0:36,BTC_USD,10796.46,0.36584247,3949.803594,sell,124290271
1601512568,2020-10-01 0:36,BTC_USD,10792.42,0.02451082,264.531064,sell,124290272
1601512584,2020-10-01 0:36,BTC_USD,10795.39,0.097,1047.15283,buy,124290279
1601512590,2020-10-01 0:36,BTC_USD,10791.98,0.05580016,602.1942107,sell,124290280
1601512596,2020-10-01 0:36,BTC_USD,10794.83,0.082,885.17606,buy,124290283
1601512597,2020-10-01 0:36,BTC_USD,10789.78,0.05028852,542.6020673,sell,124290285
1601512610,2020-10-01 0:36,ETH_USD,359.26,0.5455474,195.9933589,sell,124290293
1601512610,2020-10-01 0:36,BTC_USD,10794.04,0.014064,151.8073786,buy,124290292
1601512613,2020-10-01 0:36,BTC_USD,10791.19,0.00906601,97.83303645,sell,124290295
1601512638,2020-10-01 0:37,BTC_USD,10795.25,0.00424262,45.80014356,buy,124290299
1601512642,2020-10-01 0:37,BTC_USD,10797.21,0.07742866,836.013502,buy,124290311
1601512658,2020-10-01 0:37,BTC_USD,10790.16,0.00908545,98.03345917,sell,124290313
1601512659,2020-10-01 0:37,BTC_USD,10792.12,0.00992378,107.0986246,sell,124290314
1601512675,2020-10-01 0:37,BTC_USD,10790.39,0.00477096,51.48051907,sell,124290331
1601512679,2020-10-01 0:37,ETH_USD,359.26,12.40862808,4457.923724,sell,124290333
1601512682,2020-10-01 0:38,BTC_USD,10790.69,0.00535687,57.80432354,sell,124290335
1601512692,2020-10-01 0:38,BTC_USD,10790.69,0.12497078,1348.520946,sell,124290339
1601512701,2020-10-01 0:38,ETH_USD,359.31,0.5445,195.644295,buy,124290341
1601512728,2020-10-01 0:38,BTC_USD,10792.23,0.003187,34.39483701,buy,124290352
1601512742,2020-10-01 0:39,LTC_USD,46.34,5,231.7,buy,124290355
1601512767,2020-10-01 0:39,ETH_USD,359.57,0.11136,40.0417152,buy,124290361
1601512767,2020-10-01 0:39,BTC_USD,10788.89,0.005,53.94445,sell,124290362
1601512768,2020-10-01 0:39,BTC_USD,10789.14,0.005,53.9457,sell,124290363
1601512773,2020-10-01 0:39,BTC_USD,10792.35,0.197415,2130.571775,buy,124290365
1601512777,2020-10-01 0:39,BTC_USD,10788.86,0.00619957,66.88629279,sell,124290366
1601512778,2020-10-01 0:39,BTC_USD,10788.86,0.0083711,90.31462595,sell,124290367
1601512780,2020-10-01 0:39,LTC_USD,46.29,60,2777.4,sell,124290372
1601512780,2020-10-01 0:39,BTC_USD,10788.86,0.00816202,88.0588911,sell,124290373
1601512781,2020-10-01 0:39,LTC_USD,46.29,1.2,55.548,sell,124290375
1601512784,2020-10-01 0:39,LTC_USD,46.29,60,2777.4,sell,124290378
1601512786,2020-10-01 0:39,LTC_USD,46.29,56.67,2623.2543,sell,124290379
1601512786,2020-10-01 0:39,BTC_USD,10792.39,0.393,4241.40927,buy,124290380
1601512793,2020-10-01 0:39,ETH_USD,359.55,0.30497814,109.6548902,sell,124290382
1601512795,2020-10-01 0:39,LTC_USD,46.29,0.0666,3.082914,sell,124290384
1601512797,2020-10-01 0:39,LTC_USD,46.29,60,2777.4,sell,124290385
1601512798,2020-10-01 0:39,ETH_USD,359.67,0.437,157.17579,buy,124290389
1601512799,2020-10-01 0:39,ETH_USD,359.72,0.55102041,198.2130619,sell,124290392
1601512799,2020-10-01 0:39,BTC_USD,10789.64,0.47117544,5083.813374,sell,124290393
1601512804,2020-10-01 0:40,ETH_USD,359.76,0.2,71.952,buy,124290403
1601512804,2020-10-01 0:40,BTC_USD,10792.41,0.02384,257.2910544,buy,124290404
1601512805,2020-10-01 0:40,BTC_USD,10792.41,0.000004,0.04316964,buy,124290406
1601512835,2020-10-01 0:40,BTC_USD,10796.05,0.0034849,37.62315465,buy,124290412
1601512839,2020-10-01 0:40,ETH_USD,359.85,0.18209009,65.52511889,buy,124290414
1601512853,2020-10-01 0:40,BTC_USD,10794.83,0.00962404,103.8898757,sell,124290418
1601512867,2020-10-01 0:41,BTC_USD,10794.83,0.11876,1281.994011,sell,124290424
1601512883,2020-10-01 0:41,BTC_USD,10790.49,0.00493237,53.22268916,sell,124290427
1601512892,2020-10-01 0:41,BTC_USD,10794.89,0.17366258,1874.668448,buy,124290432
1601512898,2020-10-01 0:41,BTC_USD,10791.42,0.00897384,96.84047645,sell,124290434
1601512899,2020-10-01 0:41,BTC_USD,10794.93,0.036991,399.3152556,buy,124290438
1601512900,2020-10-01 0:41,BTC_USD,10791.43,0.00998622,107.7655941,sell,124290439
1601512946,2020-10-01 0:42,BTC_USD,10795.64,0.00759629,82.00681218,buy,124290441
1601512972,2020-10-01 0:42,ETH_USD,359.59,0.15496,55.7220664,sell,124290447
1601512972,2020-10-01 0:42,LTC_USD,46.3,46.23159006,2140.52262,sell,124290450
1601512972,2020-10-01 0:42,BTC_USD,10791.82,0.4611,4976.108202,sell,124290448
1601512973,2020-10-01 0:42,BTC_USD,10792.13,0.4633095,5000.096354,sell,124290451
1601513016,2020-10-01 0:43,BTC_USD,10793.98,0.31803413,3432.854039,buy,124290457
1601513018,2020-10-01 0:43,BTC_USD,10790.02,0.01104987,119.2283183,sell,124290459
1601513023,2020-10-01 0:43,BTC_USD,10793.97,0.09646928,1041.286514,buy,124290461
1601513024,2020-10-01 0:43,BTC_USD,10794,0.15833872,1709.108144,buy,124290465
1601513026,2020-10-01 0:43,BTC_USD,10796.73,0.16066656,1734.673468,buy,124290479
1601513033,2020-10-01 0:43,ETH_USD,359.6,2.14690571,772.0272933,buy,124290485
1601513033,2020-10-01 0:43,BTC_USD,10795.26,0.00000754,0.08139626,buy,124290490
1601513037,2020-10-01 0:43,BTC_USD,10797.42,0.00303684,32.79003695,buy,124290491
1601513040,2020-10-01 0:44,BTC_USD,10794.05,0.00647271,69.86675538,sell,124290492
1601513045,2020-10-01 0:44,BTC_USD,10794.52,0.00564033,60.88465499,sell,124290494
1601513054,2020-10-01 0:44,BTC_USD,10797.44,0.00990949,106.9971237,buy,124290499
1601513096,2020-10-01 0:44,BTC_USD,10795.04,0.00968591,104.5597859,sell,124290511
1601513108,2020-10-01 0:45,LTC_USD,46.33,5.38,249.2554,buy,124290512
1601513109,2020-10-01 0:45,ETH_USD,359.41,13.82898179,4970.274345,sell,124290513
1601513123,2020-10-01 0:45,BTC_USD,10795.07,0.00491105,53.01512852,sell,124290515
1601513128,2020-10-01 0:45,BTC_USD,10793.29,0.09896875,1068.19842,sell,124290523
1601513129,2020-10-01 0:45,BTC_USD,10795,1.5742,16993.489,sell,124290529
1601513130,2020-10-01 0:45,BTC_USD,10789.86,0.00515599,55.63241026,sell,124290530
1601513136,2020-10-01 0:45,BTC_USD,10792.31,0.000008,0.08633848,buy,124290535
1601513138,2020-10-01 0:45,BTC_USD,10794.53,0.005,53.97265,buy,124290536
1601513139,2020-10-01 0:45,BTC_USD,10791.81,0.00993372,107.2028188,sell,124290537
1601513140,2020-10-01 0:45,BTC_USD,10794.55,0.023687,255.6905059,buy,124290543
1601513146,2020-10-01 0:45,BTC_USD,10791.92,0.00780522,84.23330982,sell,124290549
1601513148,2020-10-01 0:45,BTC_USD,10794.57,0.27202722,2936.416868,buy,124290551
1601513167,2020-10-01 0:46,BTC_USD,10793.93,0.1912137,2063.947293,buy,124290553
1601513168,2020-10-01 0:46,BTC_USD,10793.93,0.01593406,171.9911283,buy,124290554
1601513200,2020-10-01 0:46,BTC_USD,10794.03,0.479,5170.34037,buy,124290571
1601513201,2020-10-01 0:46,BTC_USD,10794.05,0.507074,5473.38211,buy,124290576
1601513204,2020-10-01 0:46,ETH_USD,359.54,0.96418318,346.6624205,sell,124290584
1601513217,2020-10-01 0:46,BTC_USD,10794.09,0.00467158,50.42545496,sell,124290588
1601513259,2020-10-01 0:47,BTC_USD,10794.11,0.00832647,89.87683309,sell,124290595
1601513275,2020-10-01 0:47,BTC_USD,10792.73,0.00693549,74.85287099,sell,124290596
1601513280,2020-10-01 0:48,BTC_USD,10795.36,0.08116189,876.1718208,buy,124290597
1601513293,2020-10-01 0:48,BTC_USD,10795.39,0.21624056,2334.401179,buy,124290601
1601513302,2020-10-01 0:48,BTC_USD,10795.41,0.023704,255.8943986,buy,124290605
1601513330,2020-10-01 0:48,ETH_USD,359.58,0.08868324,31.88871944,buy,124290611
1601513331,2020-10-01 0:48,ETH_USD,359.7,0.93130133,334.9890884,buy,124290615
1601513331,2020-10-01 0:48,BTC_USD,10799.38,0.12621149,1363.005841,buy,124290617
1601513332,2020-10-01 0:48,BTC_USD,10799.4,0.2545852,2749.367409,buy,124290624
1601513337,2020-10-01 0:48,BTC_USD,10796.77,0.00556946,60.13217864,sell,124290628
1601513354,2020-10-01 0:49,BTC_USD,10796.65,0.09559373,1032.092045,sell,124290630
1601513363,2020-10-01 0:49,ETH_USD,359.41,12.84737487,4617.475002,sell,124290631
1601513364,2020-10-01 0:49,BTC_USD,10792.35,0.00466759,50.37426494,sell,124290632
1601513368,2020-10-01 0:49,LTC_USD,46.28,8.25,381.81,sell,124290633
1601513379,2020-10-01 0:49,BTC_USD,10792.62,0.00763786,82.43252059,sell,124290634
1601513381,2020-10-01 0:49,BTC_USD,10796.63,0.03284628,354.629132,buy,124290635
1601513386,2020-10-01 0:49,BTC_USD,10796.66,0.09382734,1013.021889,buy,124290638
1601513398,2020-10-01 0:49,BTC_USD,10796.67,0.05029719,543.0421624,buy,124290645
1601513399,2020-10-01 0:49,BTC_USD,10793.13,0.00827722,89.3371115,sell,124290646
1601513407,2020-10-01 0:50,BTC_USD,10793.13,0.00594693,64.18598859,sell,124290647
1601513452,2020-10-01 0:50,BTC_USD,10795.25,0.01044186,112.7224892,sell,124290650
1601513457,2020-10-01 0:50,BTC_USD,10795.25,0.00563477,60.82875084,sell,124290651
1601513469,2020-10-01 0:51,BTC_USD,10796.78,0.006575,70.9888285,buy,124290655
1601513497,2020-10-01 0:51,BTC_USD,10796.88,0.029961,323.4853217,buy,124290683
1601513500,2020-10-01 0:51,BTC_USD,10796.92,0.00835625,90.22176275,sell,124290686
1601513520,2020-10-01 0:52,BTC_USD,10796,0.00675994,72.98031224,sell,124290693
1601513525,2020-10-01 0:52,BTC_USD,10796.61,0.00797135,86.06355712,sell,124290698
1601513537,2020-10-01 0:52,BTC_USD,10792.76,0.00468648,50.58005388,sell,124290700
1601513566,2020-10-01 0:52,ETH_USD,359.15,1.33526174,479.5592539,buy,124290704
1601513578,2020-10-01 0:52,BTC_USD,10792.8,0.00553891,59.78034785,sell,124290706
1601513580,2020-10-01 0:53,BTC_USD,10791.43,0.01335,144.0655905,sell,124290708
1601513584,2020-10-01 0:53,BTC_USD,10795.29,0.2146791,2317.523141,buy,124290710
1601513610,2020-10-01 0:53,BTC_USD,10795.27,0.02761123,298.0706829,buy,124290712
1601513620,2020-10-01 0:53,BTC_USD,10793.56,0.00844562,91.15830621,sell,124290714
1601513627,2020-10-01 0:53,BTC_USD,10795.29,0.330724,3570.26149,buy,124290719
1601513631,2020-10-01 0:53,BTC_USD,10799.81,0.01214318,131.1440368,buy,124290721
1601513640,2020-10-01 0:54,BTC_USD,10796.56,0.0112007,120.9290296,sell,124290725
1601513703,2020-10-01 0:55,ETH_USD,359.34,0.0000131,0.004707354,buy,124290733
1601513714,2020-10-01 0:55,BTC_USD,10799.25,0.05769036,623.0126202,buy,124290737
1601513724,2020-10-01 0:55,BTC_USD,10795.96,0.00661439,71.40868986,sell,124290742
1601513725,2020-10-01 0:55,BTC_USD,10795.96,0.00250138,27.00479842,sell,124290744
1601513741,2020-10-01 0:55,BTC_USD,10791.04,0.00923173,99.6199677,sell,124290748
1601513761,2020-10-01 0:56,BTC_USD,10791.29,0.00859725,92.77541795,sell,124290755
1601513770,2020-10-01 0:56,BTC_USD,10791.34,0.00551039,59.46449202,sell,124290758
1601513817,2020-10-01 0:56,BTC_USD,10793.55,0.00328522,35.45918633,buy,124290787
1601513818,2020-10-01 0:56,BTC_USD,10789.98,0.00956231,103.1771337,sell,124290788
1601513819,2020-10-01 0:56,LTC_USD,46.34,19.5352,905.261168,buy,124290789
1601513820,2020-10-01 0:57,BTC_USD,10793.57,0.01084398,117.0452572,buy,124290793
1601513862,2020-10-01 0:57,BTC_USD,10790,0.01061762,114.5641198,sell,124290801
1601513878,2020-10-01 0:57,BTC_USD,10790.06,0.09253278,998.4342482,sell,124290807
1601513881,2020-10-01 0:58,BTC_USD,10789.99,0.00611566,65.98791024,sell,124290809
1601513898,2020-10-01 0:58,BTC_USD,10785.95,0.0960388,1035.869695,sell,124290816
1601513902,2020-10-01 0:58,ETH_USD,359.01,5.13,1841.7213,sell,124290819
1601513902,2020-10-01 0:58,BTC_USD,10782.61,0.0944,1017.878384,sell,124290818
1601513904,2020-10-01 0:58,ETH_USD,359.11,12.00219348,4310.107701,buy,124290820
1601513910,2020-10-01 0:58,ETH_USD,359.11,1.80847493,649.4414321,buy,124290821
1601513923,2020-10-01 0:58,ETH_USD,359.15,11.82156283,4245.71429,sell,124290824
1601513925,2020-10-01 0:58,BTC_USD,10787.44,1.66502953,17961.40615,buy,124290830
1601513939,2020-10-01 0:58,BTC_USD,10782.49,0.00573018,61.78560855,sell,124290837
1601513953,2020-10-01 0:59,ETH_USD,359.19,8,2873.52,sell,124290840
1601513955,2020-10-01 0:59,BTC_USD,10784.03,0.0059708,64.38928632,sell,124290841
1601513982,2020-10-01 0:59,BTC_USD,10784.26,0.00839718,90.55737239,sell,124290842
1601513988,2020-10-01 0:59,BTC_USD,10786.85,1.68409,18166.02622,buy,124290851
1601513989,2020-10-01 0:59,ETH_USD,359.28,0.624,224.19072,buy,124290856
1601513989,2020-10-01 0:59,BTC_USD,10787.6,0.79,8522.204,sell,124290855
1601514001,2020-10-01 1:00,BTC_USD,10790.51,0.01021825,110.2601288,sell,124290858
1601514003,2020-10-01 1:00,BTC_USD,10792.67,0.03593208,387.8030819,buy,124290865
1601514004,2020-10-01 1:00,BTC_USD,10792.69,0.02878908,310.7116158,buy,124290868
1601514008,2020-10-01 1:00,BTC_USD,10794.47,0.02290308,247.22661,buy,124290870
1601514013,2020-10-01 1:00,BTC_USD,10797.17,0.01590308,171.7082583,buy,124290873
1601514017,2020-10-01 1:00,BTC_USD,10799.76,0.39690308,4286.458007,buy,124290875
1601514042,2020-10-01 1:00,BTC_USD,10796.79,0.13,1403.5827,sell,124290894
1601514043,2020-10-01 1:00,ETH_USD,359.49,8,2875.92,sell,124290895
1601514046,2020-10-01 1:00,BTC_USD,10794.33,0.09597116,1035.944372,sell,124290896
1601514063,2020-10-01 1:01,BTC_USD,10794.49,0.00875706,94.5279966,sell,124290901
1601514085,2020-10-01 1:01,BTC_USD,10794.69,0.00659121,71.15006867,sell,124290909
1601514091,2020-10-01 1:01,BTC_USD,10795.32,0.00500463,54.02658233,sell,124290911
1601514102,2020-10-01 1:01,BTC_USD,10794.49,0.00920938,99.41056032,sell,124290915
1601514113,2020-10-01 1:01,ETH_USD,359.56,8,2876.48,sell,124290916
1601514122,2020-10-01 1:02,BTC_USD,10796.54,0.00926716,100.0532636,sell,124290919
1601514123,2020-10-01 1:02,BTC_USD,10796.54,0.014,151.15156,sell,124290920
1601514133,2020-10-01 1:02,BTC_USD,10796.54,0.00175766,18.9766465,sell,124290924
1601514140,2020-10-01 1:02,LTC_USD,46.32,60,2779.2,sell,124290926
1601514140,2020-10-01 1:02,BTC_USD,10798.78,0.03412054,368.4602049,buy,124290925
1601514145,2020-10-01 1:02,ETH_USD,359.39,0.13274,47.7054286,sell,124290928
1601514158,2020-10-01 1:02,BTC_USD,10794.19,0.00568958,61.41440754,buy,124290933
1601514181,2020-10-01 1:03,BTC_USD,10788.64,0.00910214,98.19971169,sell,124290936
1601514193,2020-10-01 1:03,BTC_USD,10797.53,0.00005159,0.557044573,buy,124290941
1601514222,2020-10-01 1:03,BTC_USD,10792.28,0.00888851,95.9272887,sell,124290945
1601514239,2020-10-01 1:03,ETH_USD,359.11,1.01133357,363.1799983,buy,124290949
1601514242,2020-10-01 1:04,BTC_USD,10789.74,0.00829953,89.54977082,sell,124290951
1601514258,2020-10-01 1:04,BTC_USD,10794.85,0.00524726,56.64338461,buy,124290954
1601514264,2020-10-01 1:04,BTC_USD,10794.1,0.03275756,353.5883784,buy,124290955
1601514309,2020-10-01 1:05,LTC_USD,46.25,22.3352,1033.003,sell,124290960
1601514311,2020-10-01 1:05,ETH_USD,358.83,0.85064829,305.2381259,sell,124290961
1601514314,2020-10-01 1:05,BTC_USD,10792.92,0.099,1068.49908,buy,124290962
1601514320,2020-10-01 1:05,BTC_USD,10793.57,0.35088184,3787.267702,buy,124290967
1601514324,2020-10-01 1:05,BTC_USD,10792.91,0.00427042,46.09025872,buy,124290968
1601514327,2020-10-01 1:05,ETH_USD,358.96,7.5,2692.2,sell,124290969
1601514329,2020-10-01 1:05,BTC_USD,10792.9,0.005,53.9645,buy,124290970
1601514342,2020-10-01 1:05,BTC_USD,10791.33,0.01040714,112.3068821,sell,124290971
1601514361,2020-10-01 1:06,BTC_USD,10798.84,0.03586863,387.3395964,buy,124290977
1601514363,2020-10-01 1:06,BTC_USD,10792.92,0.00910272,98.24492874,sell,124290978
1601514365,2020-10-01 1:06,ETH_USD,359.14,7.5,2693.55,sell,124290979
1601514377,2020-10-01 1:06,ETH_USD,359.33,13.914,4999.71762,buy,124290982
1601514386,2020-10-01 1:06,BTC_USD,10802,0.00542909,58.64503018,buy,124290993
1601514423,2020-10-01 1:07,BTC_USD,10801.44,0.00866767,93.62331744,sell,124291000
1601514438,2020-10-01 1:07,BTC_USD,10803.99,0.017,183.66783,buy,124291001
1601514442,2020-10-01 1:07,BTC_USD,10804.04,0.21,2268.8484,sell,124291003
1601514444,2020-10-01 1:07,BTC_USD,10802.71,0.17655833,1907.308437,sell,124291006
1601514445,2020-10-01 1:07,BTC_USD,10801.63,0.00683495,73.82860097,sell,124291009
1601514455,2020-10-01 1:07,BTC_USD,10806.69,0.017,183.71373,buy,124291021
1601514462,2020-10-01 1:07,BTC_USD,10803.77,0.00914833,98.8364532,sell,124291027
1601514476,2020-10-01 1:07,ETH_USD,359.48,8.49999999,3055.579996,sell,124291036
1601514476,2020-10-01 1:07,BTC_USD,10805.89,0.01504304,162.5534355,buy,124291037
1601514483,2020-10-01 1:08,BTC_USD,10801.5,0.00836273,90.3300281,sell,124291038
1601514497,2020-10-01 1:08,BTC_USD,10802.79,0.00481656,52.0322862,sell,124291042
1601514513,2020-10-01 1:08,ETH_USD,359.58,0.94,338.0052,sell,124291047
1601514521,2020-10-01 1:08,BTC_USD,10807.26,0.014,151.30164,buy,124291048
1601514527,2020-10-01 1:08,ETH_USD,359.5,13.905,4998.8475,buy,124291051
1601514528,2020-10-01 1:08,BTC_USD,10803.95,0.09384932,1013.943361,sell,124291054
1601514529,2020-10-01 1:08,ETH_USD,359.32,2.89,1038.4348,sell,124291058
1601514547,2020-10-01 1:09,BTC_USD,10799.34,0.029251,315.8914943,sell,124291060
1601514549,2020-10-01 1:09,BTC_USD,10799.34,0.00051341,5.544489149,sell,124291065
1601514569,2020-10-01 1:09,BTC_USD,10800.44,0.00025869,2.793965824,buy,124291072
1601514576,2020-10-01 1:09,BTC_USD,10799.61,0.0059648,64.41751373,buy,124291075
1601514583,2020-10-01 1:09,BTC_USD,10794.52,0.00769934,83.11067962,sell,124291076
1601514603,2020-10-01 1:10,BTC_USD,10796.36,0.00985687,106.418317,sell,124291082
1601514611,2020-10-01 1:10,ETH_USD,359.14,2.87606847,1032.91123,buy,124291087
1601514629,2020-10-01 1:10,ETH_USD,359.33,2.9385191,1055.898068,buy,124291092
1601514630,2020-10-01 1:10,ETH_USD,359.14,8.065,2896.4641,sell,124291095
1601514655,2020-10-01 1:10,ETH_USD,359.08,8.01258219,2877.158013,sell,124291101
1601514657,2020-10-01 1:10,ETH_USD,359.5,0.22970792,82.57999724,buy,124291102
1601514668,2020-10-01 1:11,BTC_USD,10801.48,0.00847499,91.54243499,sell,124291104
1601514693,2020-10-01 1:11,BTC_USD,10802.27,0.1969823,2127.85599,buy,124291107
1601514702,2020-10-01 1:11,BTC_USD,10803.65,0.00980176,105.8947844,buy,124291108
1601514703,2020-10-01 1:11,ETH_USD,359.47,10.75432958,3865.858854,buy,124291111
1601514703,2020-10-01 1:11,BTC_USD,10802.87,0.00757087,81.7871244,sell,124291114
1601514716,2020-10-01 1:11,ETH_USD,359.32,10.6673943,3833.00812,sell,124291115
1601514723,2020-10-01 1:12,BTC_USD,10804.29,0.00755991,81.67946001,sell,124291116
1601514738,2020-10-01 1:12,BTC_USD,10802.54,1.29789589,14020.57227,sell,124291119
1601514743,2020-10-01 1:12,BTC_USD,10802.54,0.00488302,52.74901887,sell,124291129
1601514745,2020-10-01 1:12,BTC_USD,10802.55,0.03186021,344.1715115,sell,124291131
1601514788,2020-10-01 1:13,BTC_USD,10805.3,0.00522211,56.42646518,sell,124291146
1601514789,2020-10-01 1:13,BTC_USD,10805.3,0.00488546,52.78886094,sell,124291147
1601514800,2020-10-01 1:13,BTC_USD,10807.24,0.56,6052.0544,sell,124291149
1601514806,2020-10-01 1:13,BTC_USD,10804.27,0.00416402,44.98919637,sell,124291153
1601514819,2020-10-01 1:13,BTC_USD,10802.05,0.27430827,2963.091648,sell,124291162
1601514823,2020-10-01 1:13,ETH_USD,359.4,12.34591282,4437.121068,sell,124291165
1601514823,2020-10-01 1:13,BTC_USD,10802.6,0.00964352,104.1750892,sell,124291166
1601514825,2020-10-01 1:13,BTC_USD,10815.19,0.10569319,1143.091932,buy,124291191
1601514844,2020-10-01 1:14,BTC_USD,10803.53,0.00755991,81.67371448,sell,124291196
1601514861,2020-10-01 1:14,BTC_USD,10806.1,0.00519777,56.1676224,sell,124291198
1601514879,2020-10-01 1:14,BTC_USD,10805.55,0.00247359,26.72850042,sell,124291200
1601514904,2020-10-01 1:15,ETH_USD,359.54,1.29839,466.8231406,buy,124291202
1601514910,2020-10-01 1:15,BTC_USD,10805.62,0.00477716,51.62017564,sell,124291205
1601514917,2020-10-01 1:15,BTC_USD,10805.23,0.00141852,15.32743486,sell,124291220
1601514932,2020-10-01 1:15,BTC_USD,10805.44,0.00418356,45.20520657,sell,124291221
1601514943,2020-10-01 1:15,BTC_USD,10805.45,0.00926403,100.102013,sell,124291223
1601514954,2020-10-01 1:15,BTC_USD,10805.45,0.09636773,1041.296688,sell,124291225
1601514958,2020-10-01 1:15,LTC_USD,46.46,1.77744296,82.57999992,buy,124291227
1601514964,2020-10-01 1:16,BTC_USD,10804.52,0.0070916,76.62133403,sell,124291229
1601515030,2020-10-01 1:17,BTC_USD,10802.8,0.0090561,97.83123708,sell,124291239
1601515051,2020-10-01 1:17,BTC_USD,10802.82,0.00520184,56.19454119,sell,124291240
1601515063,2020-10-01 1:17,BTC_USD,10801.69,0.00821485,88.7342631,sell,124291244
1601515064,2020-10-01 1:17,ETH_USD,359.35,1.09074,391.957419,buy,124291245
1601515065,2020-10-01 1:17,ETH_USD,359.35,0.64600025,232.1401898,buy,124291246
1601515085,2020-10-01 1:18,BTC_USD,10799.58,0.00916146,98.93992019,sell,124291248
1601515089,2020-10-01 1:18,BTC_USD,10804.63,0.07725831,834.747454,buy,124291255
1601515116,2020-10-01 1:18,BTC_USD,10803.97,0.00790654,85.42202096,sell,124291262
1601515129,2020-10-01 1:18,ETH_USD,359.73,12.45241953,4479.508878,buy,124291264
1601515146,2020-10-01 1:19,ETH_USD,359.84,8,2878.72,sell,124291266
1601515151,2020-10-01 1:19,BTC_USD,10806.16,0.0053016,57.28993786,sell,124291267
1601515161,2020-10-01 1:19,LTC_USD,46.39,4.0106,186.051734,sell,124291273
1601515168,2020-10-01 1:19,BTC_USD,10806.2,0.00654062,70.67924784,sell,124291274
1601515175,2020-10-01 1:19,BTC_USD,10810.19,0.00984164,106.3899983,buy,124291277
1601515185,2020-10-01 1:19,BTC_USD,10806.31,0.01055458,114.0560634,sell,124291278
1601515205,2020-10-01 1:20,BTC_USD,10806.36,0.00742611,80.24921806,sell,124291281
1601515222,2020-10-01 1:20,BTC_USD,10804.41,0.00523806,56.59414784,sell,124291286
1601515234,2020-10-01 1:20,BTC_USD,10804.41,0.02694399,291.113915,sell,124291290
1601515243,2020-10-01 1:20,ETH_USD,359.51,23.33,8387.3683,sell,124291292
1601515249,2020-10-01 1:20,ETH_USD,359.59,0.73597345,264.6486929,buy,124291294
1601515271,2020-10-01 1:21,BTC_USD,10803.96,0.00545601,58.9465138,sell,124291297
1601515305,2020-10-01 1:21,BTC_USD,10804.01,0.01091593,117.9358169,sell,124291307
1601515322,2020-10-01 1:22,ETH_USD,359.77,11.7647683,4232.610691,buy,124291313
1601515325,2020-10-01 1:22,BTC_USD,10807.95,0.54827233,5925.699929,buy,124291315
1601515326,2020-10-01 1:22,BTC_USD,10809.59,0.07288105,787.8142693,sell,124291320
1601515393,2020-10-01 1:23,BTC_USD,10810.85,0.00481615,52.06667523,sell,124291324
1601515408,2020-10-01 1:23,BTC_USD,10810.85,0.00479944,51.88602592,sell,124291330
1601515411,2020-10-01 1:23,ETH_USD,359.68,11.11476843,3997.759909,sell,124291332
1601515425,2020-10-01 1:23,BTC_USD,10809.49,0.00937146,101.3007032,sell,124291335
1601515432,2020-10-01 1:23,ETH_USD,359.45,10.16165504,3652.606904,sell,124291337
1601515432,2020-10-01 1:23,BTC_USD,10809.36,0.09241886,998.9887285,sell,124291338
1601515433,2020-10-01 1:23,BTC_USD,10809.35,1.0768,11639.50808,sell,124291339
1601515434,2020-10-01 1:23,BTC_USD,10809.36,0.003,32.42808,sell,124291340
1601515435,2020-10-01 1:23,BTC_USD,10805.05,0.27000735,2917.442917,sell,124291342
1601515447,2020-10-01 1:24,BTC_USD,10807.38,0.00991934,107.2020767,sell,124291346
1601515459,2020-10-01 1:24,ETH_USD,359.44,1.12488124,404.3273129,buy,124291352
1601515513,2020-10-01 1:25,BTC_USD,10806.46,0.00576124,62.25860961,sell,124291357
1601515545,2020-10-01 1:25,BTC_USD,10805.9,0.00760873,82.21917551,sell,124291375
1601515550,2020-10-01 1:25,ETH_USD,359.74,19.0766206,6862.623495,buy,124291376
1601515561,2020-10-01 1:26,BTC_USD,10804.35,0.09867334,1066.101301,sell,124291382
1601515566,2020-10-01 1:26,BTC_USD,10807.06,0.21918553,2368.751174,buy,124291385
1601515567,2020-10-01 1:26,BTC_USD,10801.56,0.00512829,55.39353213,sell,124291388
1601515568,2020-10-01 1:26,BTC_USD,10801.43,0.19190769,2072.87748,sell,124291389
1601515584,2020-10-01 1:26,BTC_USD,10800.87,0.00596511,64.42837765,sell,124291395
1601515628,2020-10-01 1:27,BTC_USD,10800.93,0.09442733,1019.902981,sell,124291402
1601515629,2020-10-01 1:27,BTC_USD,10803.02,0.04605286,497.5099676,buy,124291403
1601515633,2020-10-01 1:27,BTC_USD,10798.72,0.00466726,50.40043391,sell,124291404
1601515638,2020-10-01 1:27,BTC_USD,10798.7,0.02313882,249.8691755,sell,124291406
1601515645,2020-10-01 1:27,ETH_USD,359.6,0.64668016,232.5461855,sell,124291408
1601515666,2020-10-01 1:27,BTC_USD,10797.9,0.01091106,117.8165348,sell,124291414
1601515667,2020-10-01 1:27,BTC_USD,10801.73,0.00967669,104.5249927,buy,124291415
1601515688,2020-10-01 1:28,BTC_USD,10798.17,0.00818067,88.33626537,sell,124291417
1601515693,2020-10-01 1:28,ETH_USD,359.67,2.824,1015.70808,sell,124291424
1601515701,2020-10-01 1:28,BTC_USD,10802.87,0.04947721,534.4958676,buy,124291428
1601515702,2020-10-01 1:28,ETH_USD,359.86,10.94516611,3938.727476,buy,124291432
1601515706,2020-10-01 1:28,BTC_USD,10802.9,0.16294034,1760.228199,buy,124291436
1601515710,2020-10-01 1:28,ETH_USD,359.97,2.77189765,997.7999971,buy,124291437
1601515715,2020-10-01 1:28,BTC_USD,10802.94,0.57802316,6244.349516,buy,124291444
1601515716,2020-10-01 1:28,ETH_USD,359.87,14.48,5210.9176,sell,124291455
1601515716,2020-10-01 1:28,BTC_USD,10802.94,0.074808,808.1463355,buy,124291446
1601515719,2020-10-01 1:28,BTC_USD,10807.15,0.04685934,506.4159163,buy,124291459
1601515723,2020-10-01 1:28,BTC_USD,10807.95,0.14117334,1525.7944,buy,124291470
1601515725,2020-10-01 1:28,BTC_USD,10808.73,1.52676607,16502.40222,buy,124291473
1601515734,2020-10-01 1:28,BTC_USD,10809.5,1.90163679,20555.74288,buy,124291476
1601515750,2020-10-01 1:29,BTC_USD,10808.95,1.84889125,19984.57308,buy,124291488
1601515753,2020-10-01 1:29,BTC_USD,10802.78,0.00546591,59.04702323,sell,124291489
1601515761,2020-10-01 1:29,BTC_USD,10802.78,0.02312795,249.8461557,sell,124291493
1601515766,2020-10-01 1:29,ETH_USD,359.74,11.6661925,4196.79609,sell,124291495
1601515769,2020-10-01 1:29,BTC_USD,10802.79,0.00674089,72.82041908,sell,124291496
1601515782,2020-10-01 1:29,ETH_USD,359.68,9.87676905,3552.476292,sell,124291507
1601515782,2020-10-01 1:29,BTC_USD,10807.56,0.09468748,1023.340621,buy,124291508
1601515783,2020-10-01 1:29,BTC_USD,10807.57,0.40531252,4380.443432,buy,124291509
1601515786,2020-10-01 1:29,BTC_USD,10802.79,0.01109643,119.872403,sell,124291511
1601515797,2020-10-01 1:29,BTC_USD,10802.23,0.1,1080.223,buy,124291513
1601515800,2020-10-01 1:30,ETH_USD,359.75,13.894,4998.3665,buy,124291514
1601515804,2020-10-01 1:30,BTC_USD,10805.06,0.00589842,63.73278201,sell,124291515
1601515808,2020-10-01 1:30,BTC_USD,10806.2,0.00874575,94.50832365,sell,124291517
1601515853,2020-10-01 1:30,BTC_USD,10806.95,0.461,4982.00395,sell,124291529
1601515865,2020-10-01 1:31,BTC_USD,10812.49,0.03067664,331.6908632,buy,124291531
1601515873,2020-10-01 1:31,BTC_USD,10807.4,0.005198,56.1768652,sell,124291532
1601515884,2020-10-01 1:31,BTC_USD,10806.69,0.02313326,249.9939695,sell,124291541
1601515893,2020-10-01 1:31,BTC_USD,10806.53,0.0047545,51.37964689,sell,124291545
1601515907,2020-10-01 1:31,BTC_USD,10808.34,0.00828182,89.51272638,sell,124291550
1601515913,2020-10-01 1:31,BTC_USD,10812.67,0.0025,27.031675,buy,124291551
1601515926,2020-10-01 1:32,BTC_USD,10812.66,0.01286755,139.1324432,buy,124291554
1601515928,2020-10-01 1:32,BTC_USD,10808.34,0.00852264,92.11559082,sell,124291558
1601515940,2020-10-01 1:32,BTC_USD,10807.61,0.0025,27.019025,sell,124291571
1601515947,2020-10-01 1:32,BTC_USD,10807.84,0.00576844,62.34437657,sell,124291572
1601515981,2020-10-01 1:33,ETH_USD,359.75,0.54469054,195.9524218,sell,124291582
1601515994,2020-10-01 1:33,BTC_USD,10809.68,0.01042936,112.7380442,sell,124291589
1601516006,2020-10-01 1:33,ETH_USD,359.8,1.21942105,438.7476938,sell,124291593
1601516006,2020-10-01 1:33,BTC_USD,10809.34,0.4617,4990.672278,sell,124291591
1601516007,2020-10-01 1:33,BTC_USD,10805.32,0.02312602,249.8840464,sell,124291594
1601516028,2020-10-01 1:33,BTC_USD,10806.54,0.0101129,109.2854584,sell,124291597
1601516030,2020-10-01 1:33,BTC_USD,10810.53,0.03145857,340.0838147,buy,124291598
1601516032,2020-10-01 1:33,ETH_USD,359.78,0.13608547,48.9608304,buy,124291601
1601516032,2020-10-01 1:33,LTC_USD,46.5,13.77,640.305,buy,124291599
1601516048,2020-10-01 1:34,BTC_USD,10807.84,0.00818798,88.49437776,sell,124291604
1601516065,2020-10-01 1:34,LTC_USD,46.5,0.00081057,0.037691505,buy,124291605
1601516074,2020-10-01 1:34,BTC_USD,10808.46,0.00496298,53.64217081,sell,124291606
1601516115,2020-10-01 1:35,BTC_USD,10806.98,0.00576785,62.33303959,sell,124291611
1601516119,2020-10-01 1:35,BTC_USD,10812.29,0.01723541,186.3542512,buy,124291612
1601516129,2020-10-01 1:35,BTC_USD,10807.42,0.00692228,74.81198732,sell,124291615
1601516135,2020-10-01 1:35,ETH_USD,360.05,10.15873091,3657.651064,buy,124291622
1601516135,2020-10-01 1:35,BTC_USD,10812.08,0.46223756,4997.749478,buy,124291619
1601516147,2020-10-01 1:35,BTC_USD,10812,0.00765979,82.81764948,sell,124291625
1601516149,2020-10-01 1:35,BTC_USD,10812,0.00897384,97.02515808,sell,124291626
1601516163,2020-10-01 1:36,BTC_USD,10815.19,0.01,108.1519,buy,124291631
1601516169,2020-10-01 1:36,BTC_USD,10813.79,0.00782752,84.6451575,sell,124291634
1601516175,2020-10-01 1:36,BTC_USD,10815.19,0.22807324,2466.655425,buy,124291636
1601516188,2020-10-01 1:36,BTC_USD,10813.42,0.0046549,50.33538876,sell,124291642
1601516204,2020-10-01 1:36,LTC_USD,46.55,60,2793,buy,124291645
1601516212,2020-10-01 1:36,ETH_USD,360,4.18,1504.8,buy,124291648
1601516230,2020-10-01 1:37,ETH_USD,360.16,18.93018963,6817.897097,buy,124291654
1601516242,2020-10-01 1:37,BTC_USD,10816.81,0.00227008,24.55502404,buy,124291657
1601516251,2020-10-01 1:37,LTC_USD,46.57,35.70732231,1662.89,buy,124291659
1601516253,2020-10-01 1:37,BTC_USD,10814.21,0.02312098,250.0351331,sell,124291660
1601516265,2020-10-01 1:37,BTC_USD,10814.21,0.09675663,1046.346516,sell,124291662
1601516269,2020-10-01 1:37,BTC_USD,10811.3,0.01001853,108.3133334,sell,124291664
1601516290,2020-10-01 1:38,BTC_USD,10811.53,0.00891626,96.39841248,sell,124291666
1601516298,2020-10-01 1:38,BTC_USD,10814.99,0.19542139,2113.480379,buy,124291672
1601516305,2020-10-01 1:38,ETH_USD,359.95,0.11176,40.228012,buy,124291676
1601516305,2020-10-01 1:38,LTC_USD,46.55,62.81001196,2923.806057,buy,124291675
1601516305,2020-10-01 1:38,BTC_USD,10814.99,0.20130135,2177.072087,buy,124291674
1601516309,2020-10-01 1:38,BTC_USD,10810.99,0.00553339,59.82142396,sell,124291680
1601516321,2020-10-01 1:38,BTC_USD,10811.74,0.09681446,1046.73277,sell,124291683
1601516333,2020-10-01 1:38,ETH_USD,360.01,13.882,4997.65882,buy,124291685
1601516357,2020-10-01 1:39,BTC_USD,10812.46,0.00469946,50.81272327,sell,124291711
1601516363,2020-10-01 1:39,BTC_USD,10812.46,0.09582155,1036.066677,sell,124291713
1601516370,2020-10-01 1:39,BTC_USD,10810.96,0.04175337,451.3940129,sell,124291716
1601516375,2020-10-01 1:39,BTC_USD,10810.97,0.02312395,249.9923297,sell,124291718
1601516389,2020-10-01 1:39,BTC_USD,10811.62,0.00763105,82.5040128,sell,124291726
1601516412,2020-10-01 1:40,BTC_USD,10811.68,0.00742279,80.25283019,sell,124291728
1601516453,2020-10-01 1:40,BTC_USD,10813.94,0.11045163,1194.4173,sell,124291733
1601516461,2020-10-01 1:41,ETH_USD,360.25,18.30783762,6595.398503,buy,124291736
1601516477,2020-10-01 1:41,BTC_USD,10815.55,0.00490577,53.05860072,sell,124291742
1601516494,2020-10-01 1:41,BTC_USD,10815.1,0.55581444,6011.18875,sell,124291754
1601516496,2020-10-01 1:41,BTC_USD,10815.1,0.02312326,250.0803692,sell,124291756
1601516509,2020-10-01 1:41,BTC_USD,10815.11,0.00845662,91.45927553,sell,124291759
1601516532,2020-10-01 1:42,BTC_USD,10815.06,0.01034287,111.8587596,sell,124291765
1601516561,2020-10-01 1:42,ETH_USD,360.41,4.44,1600.2204,sell,124291766
1601516572,2020-10-01 1:42,LTC_USD,46.58,60,2794.8,buy,124291767
1601516589,2020-10-01 1:43,ETH_USD,360.22,1.87963753,677.0830311,sell,124291773
1601516589,2020-10-01 1:43,BTC_USD,10817.71,0.22343547,2417.060118,sell,124291774
1601516590,2020-10-01 1:43,ETH_USD,360.2,11.67175999,4204.167948,sell,124291776
1601516591,2020-10-01 1:43,BTC_USD,10817.71,0.01080147,116.84717,sell,124291777
1601516622,2020-10-01 1:43,BTC_USD,10819.06,0.04598458,497.5099301,buy,124291779
1601516626,2020-10-01 1:43,BTC_USD,10814.21,1.12580621,12174.70477,sell,124291781
1601516630,2020-10-01 1:43,BTC_USD,10814.23,0.00773916,83.69305625,sell,124291782
1601516646,2020-10-01 1:44,ETH_USD,360.3,13.884,5002.4052,buy,124291788
1601516653,2020-10-01 1:44,BTC_USD,10813.47,0.00750859,81.19391271,sell,124291790
1601516670,2020-10-01 1:44,BTC_USD,10812.92,0.00564198,61.00627838,sell,124291791
1601516698,2020-10-01 1:44,BTC_USD,10816.81,0.99924331,10808.62503,buy,124291793
1601516719,2020-10-01 1:45,BTC_USD,10815.53,0.00839396,90.7851262,sell,124291799
1601516722,2020-10-01 1:45,BTC_USD,10821.52,0.03784827,409.5758108,buy,124291800
1601516731,2020-10-01 1:45,BTC_USD,10816.15,0.00588883,63.6944686,sell,124291801
1601516732,2020-10-01 1:45,BTC_USD,10821.82,0.06657121,720.4216518,buy,124291803
1601516748,2020-10-01 1:45,ETH_USD,360.36,13.859,4994.22924,sell,124291805
1601516750,2020-10-01 1:45,BTC_USD,10816.15,0.00981333,106.1424493,sell,124291806
1601516753,2020-10-01 1:45,BTC_USD,10820.69,0.18809762,2035.346036,buy,124291808
1601516765,2020-10-01 1:46,ETH_USD,360.4,1.96327,707.562508,buy,124291810
1601516773,2020-10-01 1:46,BTC_USD,10817.2,0.00617353,66.78030872,sell,124291812
1601516812,2020-10-01 1:46,BTC_USD,10817.63,0.077023,833.2063155,sell,124291820
1601516839,2020-10-01 1:47,BTC_USD,10818.16,0.00534326,57.8042416,sell,124291825
1601516849,2020-10-01 1:47,BTC_USD,10821.58,0.00043032,4.656742306,buy,124291829
1601516855,2020-10-01 1:47,BTC_USD,10818.16,0.0000083,0.089790728,sell,124291833
1601516870,2020-10-01 1:47,BTC_USD,10816.95,0.00996945,107.8390422,sell,124291836
1601516882,2020-10-01 1:48,BTC_USD,10821.26,0.00621277,67.22999949,buy,124291838
1601516888,2020-10-01 1:48,LTC_USD,46.58,2.5617,119.323986,buy,124291840
1601516893,2020-10-01 1:48,BTC_USD,10818.74,0.00536965,58.09284724,sell,124291841
1601516896,2020-10-01 1:48,BTC_USD,10821.31,0.427461,4625.687994,buy,124291844
1601516902,2020-10-01 1:48,BTC_USD,10821.31,0.433,4685.62723,buy,124291848
1601516908,2020-10-01 1:48,BTC_USD,10821.35,0.434,4696.4659,buy,124291851
1601516914,2020-10-01 1:48,BTC_USD,10821.37,0.171171,1852.304724,buy,124291854
1601516920,2020-10-01 1:48,BTC_USD,10820,0.483,5226.06,buy,124291855
1601516924,2020-10-01 1:48,ETH_USD,360.39,5.29162,1907.046932,buy,124291857
1601516933,2020-10-01 1:48,BTC_USD,10817.89,0.00646992,69.99088287,sell,124291860
1601516946,2020-10-01 1:49,BTC_USD,10820.02,0.23716466,2566.126364,buy,124291864
1601516950,2020-10-01 1:49,ETH_USD,360.45,0.00000637,0.002296067,buy,124291881
1601516950,2020-10-01 1:49,BTC_USD,10823.3,0.0025,27.05825,buy,124291878
1601516951,2020-10-01 1:49,ETH_USD,360.73,7.25467269,2616.978079,sell,124291889
1601516956,2020-10-01 1:49,BTC_USD,10828.32,0.078378,848.702065,buy,124291898
1601516959,2020-10-01 1:49,BTC_USD,10829.81,0.00315442,34.16176926,buy,124291921
1601516960,2020-10-01 1:49,BTC_USD,10828.57,0.0048582,52.60735877,sell,124291922
1601516967,2020-10-01 1:49,BTC_USD,10830,0.08172742,885.1079586,buy,124291924
1601516972,2020-10-01 1:49,BTC_USD,10829.82,0.00495201,53.62937694,sell,124291925
1601516973,2020-10-01 1:49,BTC_USD,10830,0.41827258,4529.892041,buy,124291926
1601516975,2020-10-01 1:49,BTC_USD,10828.58,0.28852849,3124.353836,sell,124291931
1601516977,2020-10-01 1:49,BTC_USD,10832.47,0.06014396,651.5076424,buy,124291936
1601516989,2020-10-01 1:49,BTC_USD,10834.65,0.102,1105.1343,buy,124291948
1601516990,2020-10-01 1:49,BTC_USD,10829.45,0.0102817,111.3451561,sell,124291952
1601517001,2020-10-01 1:50,BTC_USD,10829.08,0.05273535,571.075324,sell,124291971
1601517004,2020-10-01 1:50,BTC_USD,10829.08,0.14726,1594.690321,sell,124291975
1601517016,2020-10-01 1:50,BTC_USD,10826.63,0.01098839,118.9672328,sell,124291979
1601517031,2020-10-01 1:50,BTC_USD,10829.47,0.00563138,60.98486077,sell,124291982
1601517043,2020-10-01 1:50,LTC_USD,46.6,2.79,130.014,sell,124291987
1601517066,2020-10-01 1:51,ETH_USD,361.11,3.89633999,1407.007334,buy,124291998
1601517079,2020-10-01 1:51,BTC_USD,10828.76,0.00588642,63.74262944,sell,124292003
1601517096,2020-10-01 1:51,ETH_USD,360.79,1.17634418,424.4132167,sell,124292009
1601517111,2020-10-01 1:51,BTC_USD,10828.82,0.00779072,84.36430455,sell,124292011
1601517114,2020-10-01 1:51,BTC_USD,10835,0.36312412,3934.44984,buy,124292014
1601517137,2020-10-01 1:52,BTC_USD,10830.73,0.00791319,85.70562433,sell,124292018
1601517161,2020-10-01 1:52,ETH_USD,361.07,0.00000958,0.003459051,buy,124292026
1601517161,2020-10-01 1:52,BTC_USD,10835,0.12332,1336.1722,buy,124292029
1601517163,2020-10-01 1:52,BTC_USD,10835,0.04932,534.3822,buy,124292032
1601517169,2020-10-01 1:52,BTC_USD,10835,0.416,4507.36,buy,124292034
1601517200,2020-10-01 1:53,BTC_USD,10831.09,0.00469608,50.86366513,sell,124292044
1601517205,2020-10-01 1:53,ETH_USD,361.2,0.324,117.0288,buy,124292045
1601517225,2020-10-01 1:53,BTC_USD,10835,0.77,8342.95,buy,124292048
1601517231,2020-10-01 1:53,BTC_USD,10831.68,0.00809962,87.73249196,sell,124292049
1601517239,2020-10-01 1:53,BTC_USD,10833.2,0.004615,49.995218,sell,124292052
1601517259,2020-10-01 1:54,BTC_USD,10831.68,0.00733039,79.40043876,sell,124292058
1601517261,2020-10-01 1:54,ETH_USD,361.29,0.427,154.27083,buy,124292059
1601517264,2020-10-01 1:54,BTC_USD,10835,0.21919705,2375.000037,buy,124292060
1601517274,2020-10-01 1:54,BTC_USD,10835,0.25611444,2774.999957,buy,124292064
1601517282,2020-10-01 1:54,BTC_USD,10833.39,0.014,151.66746,sell,124292068
1601517283,2020-10-01 1:54,BTC_USD,10833.37,0.487661,5283.012048,sell,124292069
1601517284,2020-10-01 1:54,BTC_USD,10834.2,0.00482945,52.32322719,sell,124292071
1601517287,2020-10-01 1:54,BTC_USD,10835,0.06435178,697.2515363,buy,124292073
1601517300,2020-10-01 1:55,BTC_USD,10836.29,0.75722127,8205.469276,buy,124292081
1601517301,2020-10-01 1:55,ETH_USD,361.38,0.384,138.76992,buy,124292083
1601517301,2020-10-01 1:55,BTC_USD,10836.29,1.12253,12164.06061,buy,124292082
1601517305,2020-10-01 1:55,ETH_USD,361.47,0.00000926,0.003347212,buy,124292120
1601517305,2020-10-01 1:55,BTC_USD,10845,1.56956499,17021.93232,buy,124292113
1601517306,2020-10-01 1:55,BTC_USD,10845,0.34919295,3786.997543,buy,124292124
1601517308,2020-10-01 1:55,BTC_USD,10846.2,0.004662,50.5649844,buy,124292128
1601517313,2020-10-01 1:55,ETH_USD,361.25,9.6599099,3489.642451,sell,124292133
1601517314,2020-10-01 1:55,ETH_USD,361.26,56,20230.56,buy,124292135
1601517321,2020-10-01 1:55,BTC_USD,10837.96,0.00522713,56.65142585,sell,124292145
1601517333,2020-10-01 1:55,BTC_USD,10840.01,0.00653859,70.87838099,sell,124292148
1601517351,2020-10-01 1:55,BTC_USD,10837.91,0.01021478,110.7068663,sell,124292150
1601517369,2020-10-01 1:56,BTC_USD,10842.51,0.00018395,1.994479715,buy,124292154
1601517380,2020-10-01 1:56,BTC_USD,10841.83,0.00902368,97.83320453,sell,124292156
1601517392,2020-10-01 1:56,BTC_USD,10841.6,0.0060872,65.99498752,sell,124292157
1601517394,2020-10-01 1:56,BTC_USD,10840.09,0.4605,4991.861445,sell,124292158
1601517408,2020-10-01 1:56,BTC_USD,10838.13,1.21614864,13180.77706,sell,124292172
1601517409,2020-10-01 1:56,BTC_USD,10837.01,0.29992377,3250.276895,sell,124292184
1601517441,2020-10-01 1:57,BTC_USD,10837.06,0.0090472,98.04504923,sell,124292193
1601517471,2020-10-01 1:57,BTC_USD,10832.51,0.00847515,91.80714713,sell,124292196
1601517475,2020-10-01 1:57,BTC_USD,10836.6,0.09556783,1035.630347,buy,124292199
1601517476,2020-10-01 1:57,BTC_USD,10837.52,0.00009884,1.071180477,buy,124292200
1601517484,2020-10-01 1:58,BTC_USD,10838.23,0.00036445,3.949992924,buy,124292204
1601517494,2020-10-01 1:58,ETH_USD,361.24,1.39192303,502.8182754,sell,124292210
1601517500,2020-10-01 1:58,BTC_USD,10836.49,0.01007088,109.1329904,sell,124292215
1601517525,2020-10-01 1:58,BTC_USD,10843.69,0.38290491,4152.102144,buy,124292227
1601517542,2020-10-01 1:59,BTC_USD,10842.1,0.03445975,373.6160555,buy,124292232
1601517544,2020-10-01 1:59,ETH_USD,361.36,0.181,65.40616,buy,124292233
1601517561,2020-10-01 1:59,BTC_USD,10835.4,0.00544589,59.00839651,sell,124292235
1601517579,2020-10-01 1:59,ETH_USD,361.32,1,361.32,sell,124292237
1601517591,2020-10-01 1:59,BTC_USD,10839.19,0.00789527,85.57833163,sell,124292238
1601517601,2020-10-01 2:00,ETH_USD,361.63,13.837,5003.87431,buy,124292240
1601517602,2020-10-01 2:00,BTC_USD,10849.26,0.091482,992.5120033,buy,124292248
1601517603,2020-10-01 2:00,ETH_USD,361.81,6.42728332,2325.455378,sell,124292265
1601517603,2020-10-01 2:00,BTC_USD,10849.3,0.2636691,2860.625167,buy,124292262
1601517604,2020-10-01 2:00,ETH_USD,361.85,6.42725815,2325.703362,sell,124292266
1601517604,2020-10-01 2:00,BTC_USD,10849.98,0.88,9547.9824,buy,124292270
1601517605,2020-10-01 2:00,ETH_USD,362,11.13740212,4031.739567,buy,124292276
1601517605,2020-10-01 2:00,BTC_USD,10850,0.7,7595,buy,124292274
1601517606,2020-10-01 2:00,ETH_USD,362,14.95597376,5414.062501,buy,124292282
1601517607,2020-10-01 2:00,ETH_USD,362.23,5,1811.15,buy,124292291
1601517607,2020-10-01 2:00,BTC_USD,10850,0.2,2170,buy,124292285
1601517608,2020-10-01 2:00,ETH_USD,362.53,0.80982382,293.5854295,sell,124292317
1601517608,2020-10-01 2:00,BTC_USD,10850,0.00022284,2.417814,buy,124292304
1601517609,2020-10-01 2:00,ETH_USD,362.53,1.06068348,384.529582,sell,124292320
1601517610,2020-10-01 2:00,ETH_USD,362.95,5.89337569,2139.000707,buy,124292331
1601517611,2020-10-01 2:00,ETH_USD,362.95,10,3629.5,sell,124292341
1601517611,2020-10-01 2:00,BTC_USD,10853.41,0.003,123456789,buy,124292345
1601517612,2020-10-01 2:00,BTC_USD,10854.31,0.2293378,2489.303576,buy,124292350
1601517613,2020-10-01 2:00,LTC_USD,46.8,18.3137,857.08116,buy,124292358
1601517613,2020-10-01 2:00,BTC_USD,10854.95,0.0926,1005.16837,buy,124292354
1601517614,2020-10-01 2:00,ETH_USD,363.15,20.25540871,7355.751673,buy,124292361
1601517614,2020-10-01 2:00,BTC_USD,10855.81,1.69989,18453.68286,buy,124292363
1601517615,2020-10-01 2:00,BTC_USD,10854.55,0.00554378,60.1752372,sell,124292367
1601517616,2020-10-01 2:00,BTC_USD,10859.51,0.00437341,47.49308963,buy,124292370
1601517619,2020-10-01 2:00,BTC_USD,10856.39,0.00547834,59.47499559,sell,124292375
1601517621,2020-10-01 2:00,BTC_USD,10856.39,0.00802105,87.07964701,sell,124292377
1601517623,2020-10-01 2:00,BTC_USD,10856.39,0.44088798,4786.451857,sell,124292378
1601517624,2020-10-01 2:00,BTC_USD,10856.39,0.06738926,731.6040884,sell,124292380
1601517641,2020-10-01 2:00,ETH_USD,363.35,10,3633.5,sell,124292383
1601517642,2020-10-01 2:00,ETH_USD,363.26,0.1,36.326,sell,124292388
1601517643,2020-10-01 2:00,ETH_USD,363.45,0.39,141.7455,sell,124292394
1601517661,2020-10-01 2:01,ETH_USD,363.05,1.568,569.2624,sell,124292397
1601517682,2020-10-01 2:01,BTC_USD,10848.99,0.00567284,61.54458443,sell,124292426
1601517693,2020-10-01 2:01,BTC_USD,10849.05,0.0070487,76.47169873,sell,124292427
1601517694,2020-10-01 2:01,ETH_USD,363.17,10,3631.7,sell,124292429
1601517694,2020-10-01 2:01,BTC_USD,10849.05,0.00717705,77.8641743,sell,124292431
1601517696,2020-10-01 2:01,BTC_USD,10846.04,0.00486323,52.74678711,sell,124292432
1601517710,2020-10-01 2:01,BTC_USD,10850.43,0.03526448,382.6347717,buy,124292436
1601517711,2020-10-01 2:01,BTC_USD,10845.71,0.01097308,119.0108435,sell,124292438
1601517727,2020-10-01 2:02,BTC_USD,10844.68,0.09961293,1080.27035,sell,124292441
1601517740,2020-10-01 2:02,BTC_USD,10842.7,0.00546632,59.26966786,sell,124292442
1601517741,2020-10-01 2:02,BTC_USD,10842.7,0.00741947,80.44708737,sell,124292443
1601517754,2020-10-01 2:02,BTC_USD,10841.14,0.00542043,58.76364049,sell,124292448
1601517771,2020-10-01 2:02,ETH_USD,362.65,1.99978,725.220217,sell,124292452
1601517771,2020-10-01 2:02,BTC_USD,10839.93,0.09775824,1059.692479,sell,124292449
1601517782,2020-10-01 2:03,ETH_USD,362.85,0.82464215,299.2214041,buy,124292456
1601517783,2020-10-01 2:03,ETH_USD,363.2,0.00000686,0.002491552,buy,124292463
1601517783,2020-10-01 2:03,BTC_USD,10842.7,0.28773,3119.770071,buy,124292458
1601517786,2020-10-01 2:03,ETH_USD,363.42,0.00000409,0.001486388,buy,124292465
1601517787,2020-10-01 2:03,ETH_USD,363.45,0.125,45.43125,buy,124292470
1601517789,2020-10-01 2:03,ETH_USD,363.45,1.74122449,632.8480409,buy,124292478
1601517793,2020-10-01 2:03,ETH_USD,363.6,0.86467896,314.3972699,sell,124292482
1601517794,2020-10-01 2:03,ETH_USD,363.9,2,727.8,buy,124292486
1601517802,2020-10-01 2:03,BTC_USD,10846.04,0.00466949,50.64547532,sell,124292492
1601517803,2020-10-01 2:03,BTC_USD,10852.5,0.4545,4932.46125,buy,124292493
1601517831,2020-10-01 2:03,BTC_USD,10840.16,0.01062099,115.133231,sell,124292501
1601517856,2020-10-01 2:04,ETH_USD,363.59,11.516342,4187.226788,buy,124292508
1601517857,2020-10-01 2:04,ETH_USD,363.46,0.2,72.692,buy,124292510
1601517861,2020-10-01 2:04,BTC_USD,10839.03,0.00952662,103.25932,sell,124292512
1601517868,2020-10-01 2:04,BTC_USD,10843.56,0.03850333,417.5131691,buy,124292513
1601517887,2020-10-01 2:04,ETH_USD,363.52,70,25446.4,buy,124292516
1601517904,2020-10-01 2:05,ETH_USD,363.42,1.96704639,714.8639991,sell,124292522
1601517922,2020-10-01 2:05,BTC_USD,10841.92,0.00477545,51.77504686,sell,124292531
1601517930,2020-10-01 2:05,BTC_USD,10841.04,0.0151,163.699704,sell,124292536
1601517936,2020-10-01 2:05,ETH_USD,363.42,13.744,4994.84448,sell,124292538
1601517951,2020-10-01 2:05,BTC_USD,10837.99,0.00743354,80.56463218,sell,124292541
1601517972,2020-10-01 2:06,BTC_USD,10836.02,0.06,650.1612,sell,124292545
1601517981,2020-10-01 2:06,BTC_USD,10835.74,0.00615527,66.69690535,sell,124292551
1601517991,2020-10-01 2:06,ETH_USD,363.46,10,3634.6,sell,124292558
1601517995,2020-10-01 2:06,ETH_USD,363.68,10,3636.8,sell,124292560
1601518011,2020-10-01 2:06,ETH_USD,363.73,0.07057,25.6684261,buy,124292568
1601518025,2020-10-01 2:07,ETH_USD,363.28,13.751,4995.46328,sell,124292569
1601518053,2020-10-01 2:07,BTC_USD,10829.13,0.00622771,67.44068119,sell,124292574
1601518065,2020-10-01 2:07,ETH_USD,362.98,13.759,4994.24182,sell,124292578
1601518072,2020-10-01 2:07,BTC_USD,10825.7,0.01004533,108.747729,sell,124292581
1601518082,2020-10-01 2:08,ETH_USD,363.01,1.10885757,402.5263865,sell,124292585
1601518083,2020-10-01 2:08,BTC_USD,10827.5,0.35318393,3824.099002,sell,124292587
1601518102,2020-10-01 2:08,BTC_USD,10824.4,0.00787212,85.21097573,sell,124292590
1601518114,2020-10-01 2:08,BTC_USD,10820.83,0.1318932,1427.193895,sell,124292601
1601518116,2020-10-01 2:08,BTC_USD,10819.25,0.00568371,61.49347942,sell,124292602
1601518138,2020-10-01 2:08,BTC_USD,10823.54,0.10816,1170.674086,buy,124292608
1601518145,2020-10-01 2:09,BTC_USD,10823.96,0.09673826,1047.091057,sell,124292609
1601518146,2020-10-01 2:09,ETH_USD,362.74,5,1813.7,sell,124292611
1601518146,2020-10-01 2:09,BTC_USD,10824.16,0.41709509,4514.703989,sell,124292613
1601518163,2020-10-01 2:09,BTC_USD,10820.62,0.00977248,105.7442925,sell,124292620
1601518169,2020-10-01 2:09,ETH_USD,362.98,10.89646352,3955.198328,buy,124292622
1601518192,2020-10-01 2:09,BTC_USD,10820.2,0.00814788,88.16169118,sell,124292626
1601518222,2020-10-01 2:10,BTC_USD,10822.4,0.0071362,77.23081088,sell,124292627
1601518255,2020-10-01 2:10,ETH_USD,363.06,1.84628002,670.3104241,buy,124292629
1601518268,2020-10-01 2:11,BTC_USD,10822.45,0.00493483,53.40695093,sell,124292631
1601518283,2020-10-01 2:11,BTC_USD,10822.93,0.00526868,57.02255483,sell,124292641
1601518293,2020-10-01 2:11,BTC_USD,10823.95,0.00551378,59.68087903,sell,124292643
1601518312,2020-10-01 2:11,BTC_USD,10821.5,0.00944262,102.1833123,sell,124292644
1601518326,2020-10-01 2:12,ETH_USD,362.94,13.767,4996.59498,sell,124292653
1601518335,2020-10-01 2:12,ETH_USD,363.21,3.29389737,1196.376464,buy,124292657
1601518342,2020-10-01 2:12,BTC_USD,10824.12,0.00582137,63.01120744,sell,124292660
1601518356,2020-10-01 2:12,LTC_USD,46.65,10.7532,501.63678,sell,124292663
1601518357,2020-10-01 2:12,LTC_USD,46.65,0.00006902,0.003219783,sell,124292664
1601518401,2020-10-01 2:13,BTC_USD,10827.79,0.00741083,80.24291097,buy,124292689
1601518403,2020-10-01 2:13,BTC_USD,10823.75,0.00482508,52.22545965,sell,124292691
1601518420,2020-10-01 2:13,BTC_USD,10822.19,0.46,4978.2074,sell,124292705
1601518426,2020-10-01 2:13,BTC_USD,10828.28,0.68386118,7405.040338,buy,124292717
1601518432,2020-10-01 2:13,BTC_USD,10820.16,0.00790586,85.54267014,sell,124292742
1601518447,2020-10-01 2:14,ETH_USD,363.38,13.764,5001.56232,buy,124292744
1601518457,2020-10-01 2:14,BTC_USD,10822.5,0.09337745,1010.577453,sell,124292747
1601518458,2020-10-01 2:14,ETH_USD,363.23,11.13697656,4045.283996,sell,124292751
1601518464,2020-10-01 2:14,BTC_USD,10820.06,0.00490603,53.08353896,sell,124292758
1601518480,2020-10-01 2:14,BTC_USD,10820.57,0.00478333,51.7583571,sell,124292762
1601518500,2020-10-01 2:15,ETH_USD,363.24,1.76041,639.4513284,buy,124292764
1601518524,2020-10-01 2:15,BTC_USD,10819.71,0.0056124,60.7245404,sell,124292774
1601518533,2020-10-01 2:15,BTC_USD,10817.56,0.10377475,1122.589585,sell,124292780
1601518537,2020-10-01 2:15,BTC_USD,10817.57,0.00479988,51.92303789,sell,124292781
1601518539,2020-10-01 2:15,ETH_USD,363.05,13.745,4990.12225,sell,124292782
1601518552,2020-10-01 2:15,BTC_USD,10817.41,0.0078612,85.03782349,sell,124292785
1601518585,2020-10-01 2:16,BTC_USD,10818.45,0.00916965,99.20140004,sell,124292792
1601518590,2020-10-01 2:16,BTC_USD,10817.39,0.00244976,26.50000933,sell,124292793
1601518595,2020-10-01 2:16,ETH_USD,363.05,10.20441679,3704.713516,sell,124292797
1601518599,2020-10-01 2:16,ETH_USD,363.05,13.755,4993.75275,sell,124292798
1601518613,2020-10-01 2:16,BTC_USD,10816.34,0.0050707,54.84641524,sell,124292806
1601518614,2020-10-01 2:16,ETH_USD,363.05,0.00000309,0.001121825,sell,124292809
1601518644,2020-10-01 2:17,BTC_USD,10814.8,0.00577129,62.41534709,sell,124292814
1601518655,2020-10-01 2:17,BTC_USD,10813.57,0.00663192,71.71473115,sell,124292821
1601518667,2020-10-01 2:17,ETH_USD,362.91,1.6952,615.205032,buy,124292823
1601518672,2020-10-01 2:17,BTC_USD,10813.81,0.01009449,109.1598969,sell,124292824
1601518695,2020-10-01 2:18,BTC_USD,10817.48,0.054,584.14392,buy,124292838
1601518706,2020-10-01 2:18,BTC_USD,10817.35,0.00897286,97.06256712,sell,124292844
1601518744,2020-10-01 2:19,ETH_USD,363.24,12.44599732,4520.884067,buy,124292845
1601518766,2020-10-01 2:19,BTC_USD,10821.14,0.00522928,56.58677098,sell,124292862
1601518769,2020-10-01 2:19,BTC_USD,10827,0.007032,76.135464,buy,124292863
1601518784,2020-10-01 2:19,ETH_USD,363.5,13.761,5002.1235,buy,124292866
1601518785,2020-10-01 2:19,BTC_USD,10821.6,0.00480415,51.98858964,sell,124292869
1601518792,2020-10-01 2:19,BTC_USD,10823.98,0.00978618,105.9254166,sell,124292872
1601518805,2020-10-01 2:20,ETH_USD,363.48,13.763,5002.57524,buy,124292875
1601518806,2020-10-01 2:20,ETH_USD,363.52,10.50396489,3818.401317,buy,124292881
1601518823,2020-10-01 2:20,BTC_USD,10829.31,0.01837605,198.999942,buy,124292892
1601518826,2020-10-01 2:20,BTC_USD,10822.17,0.00812467,87.92655993,sell,124292893
1601518844,2020-10-01 2:20,ETH_USD,363.23,0.324,117.68652,sell,124292898
1601518845,2020-10-01 2:20,ETH_USD,363.11,0.394,143.06534,sell,124292901
1601518845,2020-10-01 2:20,BTC_USD,10822.92,0.0056828,61.50448978,sell,124292900
1601518848,2020-10-01 2:20,BTC_USD,10826.83,0.00425415,46.05895884,buy,124292904
1601518868,2020-10-01 2:21,BTC_USD,10827.04,0.05545985,600.4660143,buy,124292911
1601518875,2020-10-01 2:21,BTC_USD,10826.73,0.00365436,39.56476904,buy,124292913
1601518887,2020-10-01 2:21,BTC_USD,10822.05,0.00472654,51.15085221,sell,124292915
1601518912,2020-10-01 2:21,BTC_USD,10822.87,0.00867292,93.86588568,sell,124292928
1601518921,2020-10-01 2:22,ETH_USD,363.16,0.07051,25.6064116,buy,124292929
1601518932,2020-10-01 2:22,BTC_USD,10821.2,0.4606,4984.24472,sell,124292942
1601518946,2020-10-01 2:22,BTC_USD,10819.14,0.00997283,107.897444,sell,124292945
1601518947,2020-10-01 2:22,BTC_USD,10818.74,0.25729625,2783.621232,sell,124292948
1601518974,2020-10-01 2:22,ETH_USD,362.95,0.223,80.93785,sell,124292956
1601518977,2020-10-01 2:22,BTC_USD,10822.52,0.00348679,37.73585451,buy,124292958
1601519007,2020-10-01 2:23,ETH_USD,362.9,0.1373,49.82617,buy,124292977
1601519008,2020-10-01 2:23,ETH_USD,362.89,0.223,80.92447,sell,124292980
1601519009,2020-10-01 2:23,BTC_USD,10815.66,0.00898585,97.18789841,sell,124292981
1601519015,2020-10-01 2:23,BTC_USD,10816.84,0.00663477,71.76724553,sell,124292982
1601519032,2020-10-01 2:23,BTC_USD,10816.32,0.00779419,84.30445318,sell,124292983
1601519042,2020-10-01 2:24,ETH_USD,362.83,0.19,68.9377,sell,124292984
1601519056,2020-10-01 2:24,ETH_USD,362.79,0.01611604,5.846738152,buy,124292994
1601519067,2020-10-01 2:24,BTC_USD,10818.47,0.00729882,78.96206521,sell,124292999
1601519077,2020-10-01 2:24,LTC_USD,46.61,0.944477,44.02207297,sell,124293002
1601519096,2020-10-01 2:24,BTC_USD,10821.06,0.01445262,156.3926682,buy,124293005
1601519102,2020-10-01 2:25,BTC_USD,10821.08,0.172324,1864.73179,buy,124293015
1601519103,2020-10-01 2:25,BTC_USD,10821.12,1.434381,15521.60893,buy,124293020
1601519110,2020-10-01 2:25,BTC_USD,10821.14,0.20395997,2207.07939,buy,124293025
1601519120,2020-10-01 2:25,BTC_USD,10821.18,1.13277146,12257.92387,buy,124293029
1601519128,2020-10-01 2:25,BTC_USD,10821.2,0.317051,3430.872281,buy,124293032
1601519134,2020-10-01 2:25,BTC_USD,10821.22,0.342497,3706.235386,buy,124293034
1601519141,2020-10-01 2:25,BTC_USD,10821.11,0.02310728,250.0464187,sell,124293040
1601519153,2020-10-01 2:25,BTC_USD,10820.09,0.00884487,95.70228944,sell,124293051
1601519163,2020-10-01 2:26,ETH_USD,362.97,3.27079,1187.198646,buy,124293052
1601519188,2020-10-01 2:26,BTC_USD,10821.1,0.00870889,94.23976958,sell,124293059
1601519192,2020-10-01 2:26,BTC_USD,10825.46,0.02080564,225.2306236,buy,124293060
1601519198,2020-10-01 2:26,LTC_USD,46.67,4.47,208.6149,buy,124293061
1601519201,2020-10-01 2:26,BTC_USD,10825.46,0.02565145,277.6887459,buy,124293063
1601519206,2020-10-01 2:26,BTC_USD,10820.98,0.00610095,66.01825793,sell,124293064
1601519228,2020-10-01 2:27,BTC_USD,10821.05,0.20964671,2268.597531,sell,124293069
1601519250,2020-10-01 2:27,BTC_USD,10817.29,0.00839897,90.85409419,sell,124293081
1601519253,2020-10-01 2:27,ETH_USD,362.97,10.12448539,3674.884462,sell,124293082
1601519262,2020-10-01 2:27,BTC_USD,10815.45,0.0230937,249.7687577,sell,124293089
1601519274,2020-10-01 2:27,BTC_USD,10815.16,0.00920528,99.55657604,sell,124293091
1601519300,2020-10-01 2:28,ETH_USD,362.93,1.5938,578.437834,buy,124293108
1601519300,2020-10-01 2:28,BTC_USD,10816.8,0.00466996,50.51402333,sell,124293107
1601519309,2020-10-01 2:28,BTC_USD,10817.47,0.00911085,98.55634655,sell,124293110
1601519326,2020-10-01 2:28,BTC_USD,10816.82,0.44089098,4769.03837,sell,124293112
1601519327,2020-10-01 2:28,BTC_USD,10819.47,0.16381587,1772.400891,buy,124293116
1601519360,2020-10-01 2:29,ETH_USD,363,0.76052,276.06876,buy,124293124
1601519371,2020-10-01 2:29,BTC_USD,10818.55,0.00498004,53.87681174,sell,124293125
1601519375,2020-10-01 2:29,BTC_USD,10818.56,0.00692738,74.94427617,sell,124293126
1601519378,2020-10-01 2:29,BTC_USD,10818.57,0.00493733,53.41485022,sell,124293128
1601519386,2020-10-01 2:29,BTC_USD,10818.59,0.02311065,250.024647,sell,124293138
1601519394,2020-10-01 2:29,BTC_USD,10818.59,0.00999174,108.0965384,sell,124293152
1601519395,2020-10-01 2:29,ETH_USD,362.77,0.204,74.00508,sell,124293154
1601519402,2020-10-01 2:30,ETH_USD,362.86,0.90980049,330.1302058,sell,124293155
1601519418,2020-10-01 2:30,BTC_USD,10822.59,0.02357316,255.1226457,buy,124293161
1601519429,2020-10-01 2:30,BTC_USD,10820.66,0.00533479,57.72594876,sell,124293167
1601519444,2020-10-01 2:30,ETH_USD,362.99,0.005,1.81495,buy,124293170
1601519448,2020-10-01 2:30,BTC_USD,10822.63,0.01147688,124.2100258,buy,124293172
1601519450,2020-10-01 2:30,BTC_USD,10822.65,0.179,1937.25435,buy,124293173
1601519465,2020-10-01 2:31,ETH_USD,363.08,0.10188227,36.99141459,buy,124293175
1601519491,2020-10-01 2:31,BTC_USD,10821.86,0.00470171,50.88124738,sell,124293190
1601519500,2020-10-01 2:31,BTC_USD,10822.83,0.476,5151.66708,buy,124293199
1601519505,2020-10-01 2:31,LTC_USD,46.65,36.39334,1697.749311,sell,124293204
1601519506,2020-10-01 2:31,LTC_USD,46.57,44.99,2095.1843,buy,124293213
1601519506,2020-10-01 2:31,BTC_USD,10820.9,0.00409593,44.32164894,sell,124293216
1601519508,2020-10-01 2:31,BTC_USD,10818.07,0.02310138,249.9123459,sell,124293222
1601519514,2020-10-01 2:31,BTC_USD,10818.35,0.00980853,106.1121105,sell,124293224
1601519516,2020-10-01 2:31,LTC_USD,46.59,118.1378,5504.040102,buy,124293226
1601519519,2020-10-01 2:31,BTC_USD,10822.82,0.00652376,70.6054802,buy,124293227
1601519526,2020-10-01 2:32,BTC_USD,10824.35,0.33688711,3646.583989,buy,124293232
1601519532,2020-10-01 2:32,BTC_USD,10824.35,0.25867604,2799.999994,buy,124293241
1601519533,2020-10-01 2:32,BTC_USD,10829.03,0.00126382,13.68594469,buy,124293247
1601519549,2020-10-01 2:32,BTC_USD,10824.76,0.00955746,103.4572107,sell,124293262
1601519558,2020-10-01 2:32,BTC_USD,10824.76,0.1991946,2156.233738,sell,124293263
1601519573,2020-10-01 2:32,BTC_USD,10823.05,0.00523046,56.6095301,sell,124293264
1601519616,2020-10-01 2:33,BTC_USD,10823.76,0.00520702,56.3595348,sell,124293283
1601519622,2020-10-01 2:33,ETH_USD,363.01,12.7472366,4627.374358,buy,124293287
1601519622,2020-10-01 2:33,BTC_USD,10827.6,0.00000662,0.071678712,buy,124293295
1601519632,2020-10-01 2:33,BTC_USD,10826.99,0.02309733,250.0745609,sell,124293297
1601519635,2020-10-01 2:33,BTC_USD,10825.92,0.00869139,94.09229283,sell,124293299
1601519640,2020-10-01 2:34,BTC_USD,10830.8,0.00457659,49.56813097,buy,124293300
1601519671,2020-10-01 2:34,BTC_USD,10828.16,0.01026745,111.1775914,sell,124293309
1601519677,2020-10-01 2:34,ETH_USD,362.96,0.25433083,92.31191806,sell,124293312
1601519694,2020-10-01 2:34,BTC_USD,10832.59,0.11856446,1284.360184,buy,124293337
1601519728,2020-10-01 2:35,BTC_USD,10830.4,0.09167339,992.8594831,buy,124293347
1601519729,2020-10-01 2:35,BTC_USD,10830.4,0.2,2166.08,buy,124293350
1601519730,2020-10-01 2:35,BTC_USD,10830.4,0.08317684,900.8384479,buy,124293352
1601519731,2020-10-01 2:35,BTC_USD,10825.3,0.00876513,94.88516179,sell,124293353
1601519755,2020-10-01 2:35,BTC_USD,10824.45,0.02309404,249.9802813,sell,124293358
1601519756,2020-10-01 2:35,BTC_USD,10824.45,0.01054584,114.1529178,sell,124293360
1601519778,2020-10-01 2:36,BTC_USD,10823.64,0.10005482,1082.957352,sell,124293382
1601519784,2020-10-01 2:36,LTC_USD,46.55,4.27,198.7685,sell,124293383
1601519792,2020-10-01 2:36,BTC_USD,10822.99,0.0076113,82.37702379,sell,124293388
1601519814,2020-10-01 2:36,BTC_USD,10822.38,0.00511815,55.3905642,sell,124293393
1601519825,2020-10-01 2:37,BTC_USD,10825.11,0.02529299,273.799399,buy,124293399
1601519826,2020-10-01 2:37,BTC_USD,10825.14,0.17470701,1891.227842,buy,124293400
1601519836,2020-10-01 2:37,ETH_USD,362.71,0.28,101.5588,sell,124293407
1601519842,2020-10-01 2:37,BTC_USD,10820.79,0.4601,4978.645479,sell,124293409
1601519843,2020-10-01 2:37,ETH_USD,362.59,0.273,98.98707,sell,124293411
1601519845,2020-10-01 2:37,ETH_USD,362.67,0.78379993,284.2607206,buy,124293412
1601519854,2020-10-01 2:37,BTC_USD,10820.25,0.00580843,62.84866471,sell,124293416
1601519872,2020-10-01 2:37,BTC_USD,10823.18,0.01706558,184.7038441,buy,124293420
1601519874,2020-10-01 2:37,BTC_USD,10823.28,0.30759722,3329.210839,buy,124293423
1601519876,2020-10-01 2:37,BTC_USD,10820.07,0.01032243,111.6894152,sell,124293425
1601519879,2020-10-01 2:37,BTC_USD,10820.07,0.02309404,249.8791294,sell,124293433
1601519892,2020-10-01 2:38,LTC_USD,46.55,30,1396.5,sell,124293436
1601519912,2020-10-01 2:38,BTC_USD,10820.07,0.00810236,87.66810237,sell,124293441
1601519937,2020-10-01 2:38,BTC_USD,10823.6,0.00575839,62.32651,sell,124293445
1601519975,2020-10-01 2:39,BTC_USD,10822.96,0.00600294,64.9695795,sell,124293450
1601519976,2020-10-01 2:39,BTC_USD,10822.96,0.00694865,75.204961,sell,124293452
1601519978,2020-10-01 2:39,BTC_USD,10827.33,0.07214336,781.119966,buy,124293453
1601519996,2020-10-01 2:39,BTC_USD,10821.33,0.00983088,106.3831967,sell,124293454
1601520000,2020-10-01 2:40,BTC_USD,10825.8,0.34004278,3681.235128,buy,124293459
1601520001,2020-10-01 2:40,BTC_USD,10821.33,0.02310521,250.0291021,sell,124293461
1601520005,2020-10-01 2:40,BTC_USD,10826.25,0.00039535,4.280157938,buy,124293465
1601520011,2020-10-01 2:40,BTC_USD,10827.95,0.23870653,2584.702372,buy,124293470
1601520032,2020-10-01 2:40,BTC_USD,10824.06,0.00950854,102.9210075,sell,124293484
1601520039,2020-10-01 2:40,BTC_USD,10828.48,0.36248455,3925.1567,buy,124293487
1601520057,2020-10-01 2:40,BTC_USD,10826.47,0.01865423,201.9594615,sell,124293488
1601520058,2020-10-01 2:40,ETH_USD,362.78,0.0000095,0.00344641,buy,124293490
1601520060,2020-10-01 2:41,BTC_USD,10829.68,0.09202383,996.5886313,sell,124293494
1601520062,2020-10-01 2:41,BTC_USD,10835.57,0.0046098,49.94981059,buy,124293495
1601520068,2020-10-01 2:41,ETH_USD,362.83,0.27530643,99.889432,sell,124293503
1601520068,2020-10-01 2:41,BTC_USD,10830.54,0.00922765,99.94043243,sell,124293501
1601520070,2020-10-01 2:41,ETH_USD,362.83,0.34942536,126.7820034,sell,124293504
1601520082,2020-10-01 2:41,BTC_USD,10835.57,0.00460981,49.94991894,buy,124293520
1601520084,2020-10-01 2:41,ETH_USD,362.88,0.004,1.45152,buy,124293522
1601520096,2020-10-01 2:41,BTC_USD,10832.61,0.00516247,55.92302415,sell,124293524
1601520097,2020-10-01 2:41,BTC_USD,10832.61,0.01405508,152.2532002,sell,124293525
1601520102,2020-10-01 2:41,BTC_USD,10835,0.00737609,79.91993515,buy,124293527
1601520116,2020-10-01 2:41,BTC_USD,10832.99,0.00761893,82.5357925,sell,124293528
1601520125,2020-10-01 2:42,BTC_USD,10833.01,0.02308839,250.1167598,sell,124293536
1601520132,2020-10-01 2:42,ETH_USD,362.94,0.13,47.1822,sell,124293537
1601520133,2020-10-01 2:42,BTC_USD,10840.54,3.48043669,37729.81316,buy,124293556
1601520147,2020-10-01 2:42,BTC_USD,10833.08,0.017,184.16236,sell,124293559
1601520152,2020-10-01 2:42,ETH_USD,362.82,13.77,4996.0314,sell,124293563
1601520152,2020-10-01 2:42,BTC_USD,10833.09,0.00705329,76.40892537,sell,124293562
1601520159,2020-10-01 2:42,BTC_USD,10833.11,0.04514678,489.0800339,sell,124293570
1601520160,2020-10-01 2:42,BTC_USD,10832.3,0.13908108,1506.567983,sell,124293576
1601520172,2020-10-01 2:42,BTC_USD,10835.94,0.0068639,74.37680857,sell,124293583
1601520177,2020-10-01 2:42,BTC_USD,10839.45,0.00469735,50.91669046,buy,124293584
1601520182,2020-10-01 2:43,ETH_USD,362.84,10,3628.4,sell,124293589
1601520182,2020-10-01 2:43,BTC_USD,10834.24,0.09951078,1078.123673,sell,124293588
1601520183,2020-10-01 2:43,BTC_USD,10832.94,0.2,2166.588,sell,124293590
1601520185,2020-10-01 2:43,BTC_USD,10832.11,0.22086909,2392.478278,sell,124293593
1601520216,2020-10-01 2:43,BTC_USD,10830.19,0.00559305,60.57379418,sell,124293617
1601520222,2020-10-01 2:43,BTC_USD,10831.45,0.03093303,335.0495678,sell,124293631
1601520226,2020-10-01 2:43,BTC_USD,10835.65,0.42039538,4555.257199,buy,124293636
1601520236,2020-10-01 2:43,BTC_USD,10830.39,0.00904887,98.00279116,sell,124293637
1601520249,2020-10-01 2:44,BTC_USD,10832.22,0.02307744,249.9799071,sell,124293639
1601520273,2020-10-01 2:44,BTC_USD,10831.7,0.00854877,92.59771201,sell,124293647
1601520298,2020-10-01 2:44,BTC_USD,10832.24,0.00584152,63.2767466,sell,124293651
1601520316,2020-10-01 2:45,ETH_USD,363.08,0.081,29.40948,buy,124293656
1601520337,2020-10-01 2:45,BTC_USD,10833.36,0.00511001,55.35857793,sell,124293673
1601520339,2020-10-01 2:45,ETH_USD,363.08,0.00011773,0.042745408,buy,124293674
1601520340,2020-10-01 2:45,ETH_USD,363.12,0.08850095,32.13646496,buy,124293675
1601520353,2020-10-01 2:45,LTC_USD,46.55,44.99,2094.2845,buy,124293677
1601520354,2020-10-01 2:45,LTC_USD,46.56,60,2793.6,buy,124293678
1601520357,2020-10-01 2:45,BTC_USD,10833.36,0.00878468,95.16760092,sell,124293680
1601520364,2020-10-01 2:46,BTC_USD,10833.35,0.19560072,2119.01106,sell,124293683
1601520366,2020-10-01 2:46,ETH_USD,362.94,2.8566854,1036.805399,sell,124293684
1601520370,2020-10-01 2:46,BTC_USD,10827.73,0.02307744,249.8762894,sell,124293685
1601520375,2020-10-01 2:46,ETH_USD,362.82,0.87096273,316.0026977,sell,124293690
1601520387,2020-10-01 2:46,BTC_USD,10826.76,0.09279267,1004.643968,sell,124293698
1601520388,2020-10-01 2:46,BTC_USD,10826.2,0.40638904,4399.649025,sell,124293701
1601520392,2020-10-01 2:46,ETH_USD,362.71,15.68073176,5687.558217,sell,124293702
1601520393,2020-10-01 2:46,BTC_USD,10826.3,0.0091291,98.83437533,sell,124293705
1601520395,2020-10-01 2:46,ETH_USD,362.72,2.62992454,953.9262291,sell,124293706
1601520399,2020-10-01 2:46,ETH_USD,362.65,0.071,25.74815,sell,124293707
1601520400,2020-10-01 2:46,BTC_USD,10824.45,0.14152301,1531.908746,sell,124293708
1601520407,2020-10-01 2:46,LTC_USD,46.55,0.55037593,25.61999954,buy,124293710
1601520413,2020-10-01 2:46,BTC_USD,10827.84,0.36388494,3940.087909,buy,124293713
1601520422,2020-10-01 2:47,BTC_USD,10822.47,0.00471861,51.06701517,sell,124293728
1601520434,2020-10-01 2:47,BTC_USD,10824.71,0.33796076,3658.327218,buy,124293734
1601520455,2020-10-01 2:47,BTC_USD,10825.15,0.36551315,3956.734676,buy,124293750
1601520457,2020-10-01 2:47,BTC_USD,10820.47,0.0052175,56.45580222,sell,124293751
1601520476,2020-10-01 2:47,BTC_USD,10825.1,0.36434771,3944.100396,buy,124293755
1601520477,2020-10-01 2:47,BTC_USD,10820.83,0.01231177,133.2235702,sell,124293757
1601520494,2020-10-01 2:48,BTC_USD,10819.42,0.02309601,249.8854325,sell,124293760
1601520497,2020-10-01 2:48,BTC_USD,10822.17,0.05931549,641.9223164,buy,124293763
1601520498,2020-10-01 2:48,ETH_USD,362.58,0.156,56.56248,sell,124293764
1601520504,2020-10-01 2:48,BTC_USD,10821.86,0.25521536,2761.904896,buy,124293767
1601520513,2020-10-01 2:48,BTC_USD,10817.81,0.00667384,72.19633309,sell,124293770
1601520515,2020-10-01 2:48,ETH_USD,362.53,0.223,80.84419,sell,124293777
1601520598,2020-10-01 2:49,BTC_USD,10815.36,0.01090333,117.9234391,sell,124293800
1601520602,2020-10-01 2:50,BTC_USD,10815.46,0.00654742,70.81335911,sell,124293801
1601520604,2020-10-01 2:50,LTC_USD,46.53,24.44,1137.1932,buy,124293803
1601520607,2020-10-01 2:50,BTC_USD,10814.84,0.37503819,4055.978019,sell,124293806
1601520616,2020-10-01 2:50,BTC_USD,10815.64,0.02311003,249.9497649,sell,124293813
1601520633,2020-10-01 2:50,BTC_USD,10814.57,0.00954893,103.2675719,sell,124293827
1601520644,2020-10-01 2:50,BTC_USD,10819.76,0.045,486.8892,buy,124293831
1601520656,2020-10-01 2:50,BTC_USD,10818.72,0.50344262,5446.604742,buy,124293833
1601520663,2020-10-01 2:51,BTC_USD,10814.87,0.00534784,57.83619438,sell,124293834
1601520665,2020-10-01 2:51,BTC_USD,10820.19,0.33915531,3669.724894,buy,124293837
1601520666,2020-10-01 2:51,ETH_USD,362.6,0.33,119.658,buy,124293840
1601520670,2020-10-01 2:51,BTC_USD,10824.4,0.02567468,277.9130062,buy,124293851
1601520679,2020-10-01 2:51,BTC_USD,10817.67,0.18769418,2030.4137,sell,124293855
1601520683,2020-10-01 2:51,BTC_USD,10821.08,0.48092582,5204.136772,buy,124293861
1601520697,2020-10-01 2:51,BTC_USD,10817.89,0.01011109,109.3806594,sell,124293866
1601520698,2020-10-01 2:51,BTC_USD,10817.89,0.00663584,71.78578718,sell,124293867
1601520699,2020-10-01 2:51,BTC_USD,10821.08,0.36915972,3994.706863,buy,124293871
1601520712,2020-10-01 2:51,BTC_USD,10820.62,0.04496181,486.5146605,buy,124293876
1601520718,2020-10-01 2:51,BTC_USD,10815.58,0.00855734,92.55259536,sell,124293878
1601520729,2020-10-01 2:52,BTC_USD,10822.93,0.00621545,67.26938027,buy,124293880
1601520730,2020-10-01 2:52,BTC_USD,10817.2,0.02,216.344,sell,124293881
1601520739,2020-10-01 2:52,BTC_USD,10817.53,0.02311003,249.9934428,sell,124293886
1601520750,2020-10-01 2:52,ETH_USD,362.66,0.07099,25.7452334,buy,124293890
1601520754,2020-10-01 2:52,BTC_USD,10817.79,0.00908446,98.27378054,sell,124293892
1601520770,2020-10-01 2:52,BTC_USD,10823.14,0.07659942,829.0462466,buy,124293896
1601520814,2020-10-01 2:53,BTC_USD,10818.36,0.11766223,1272.912363,sell,124293908
1601520817,2020-10-01 2:53,BTC_USD,10818,0.00521434,56.40873012,sell,124293911
1601520819,2020-10-01 2:53,ETH_USD,362.5,0.270013,97.8797125,sell,124293912
1601520839,2020-10-01 2:53,BTC_USD,10818.23,0.0092723,100.309874,sell,124293929
1601520861,2020-10-01 2:54,BTC_USD,10818.21,0.02311087,250.0182449,sell,124293941
1601520876,2020-10-01 2:54,BTC_USD,10817.02,0.00945546,102.2798999,sell,124293950
1601520938,2020-10-01 2:55,BTC_USD,10816.75,0.00502714,54.3773166,sell,124293957
1601520959,2020-10-01 2:55,BTC_USD,10816.77,0.00851265,92.07937714,sell,124293960
1601520970,2020-10-01 2:56,BTC_USD,10818.1,0.0188559,203.9850118,sell,124293964
1601520972,2020-10-01 2:56,ETH_USD,362.62,0.6,217.572,buy,124293965
1601520983,2020-10-01 2:56,BTC_USD,10818.27,0.02310914,250.000916,sell,124293967
1601520996,2020-10-01 2:56,BTC_USD,10818.78,0.00803539,86.93311662,sell,124293969
1601521025,2020-10-01 2:57,BTC_USD,10818.52,0.00584505,63.23479033,sell,124293971
1601521034,2020-10-01 2:57,BTC_USD,10818.1,1.60589455,17372.72783,sell,124293974
1601521058,2020-10-01 2:57,BTC_USD,10817.85,0.00554884,60.02651879,sell,124293976
1601521065,2020-10-01 2:57,BTC_USD,10817.87,0.0047147,51.00301169,sell,124293978
1601521080,2020-10-01 2:58,BTC_USD,10817.91,0.00774953,83.83371808,sell,124293979
1601521107,2020-10-01 2:58,BTC_USD,10818.06,0.02310807,249.9844877,sell,124293985
1601521116,2020-10-01 2:58,BTC_USD,10817.79,0.00986128,106.6772562,sell,124293987
1601521135,2020-10-01 2:58,LTC_USD,46.48,5.8322,271.080656,sell,124293989
1601521162,2020-10-01 2:59,BTC_USD,10823.06,0.00384691,41.63533774,buy,124293994
1601521164,2020-10-01 2:59,BTC_USD,10819.21,0.00503742,54.50090484,sell,124293996
1601521167,2020-10-01 2:59,ETH_USD,362.71,0.618,224.15478,buy,124294000
1601521167,2020-10-01 2:59,BTC_USD,10819.96,0.09158855,990.9844475,sell,124293998
1601521168,2020-10-01 2:59,BTC_USD,10820.49,0.01999401,216.3449853,sell,124294015
1601521169,2020-10-01 2:59,BTC_USD,10820.49,0.00999711,108.1736288,sell,124294020
1601521178,2020-10-01 2:59,BTC_USD,10821.6,0.00588143,63.64648289,sell,124294025
1601521200,2020-10-01 3:00,BTC_USD,10821.72,0.00857202,92.76400027,sell,124294030
1601521215,2020-10-01 3:00,ETH_USD,362.98,0.688,249.73024,buy,124294037
1601521231,2020-10-01 3:00,BTC_USD,10824.62,0.02310706,250.1251438,sell,124294041
1601521233,2020-10-01 3:00,ETH_USD,363.07,0.56,203.3192,buy,124294044
1601521233,2020-10-01 3:00,BTC_USD,10824.63,0.09730235,1053.261937,sell,124294043
1601521236,2020-10-01 3:00,BTC_USD,10823.57,0.00996838,107.8934587,sell,124294046
1601521239,2020-10-01 3:00,ETH_USD,363.15,2.9896037,1085.674584,sell,124294051
1601521240,2020-10-01 3:00,ETH_USD,363.17,1.11610099,405.3343965,sell,124294057
1601521250,2020-10-01 3:00,BTC_USD,10827.19,0.01033723,111.9231533,sell,124294060
1601521260,2020-10-01 3:01,BTC_USD,10825.87,0.28945084,3133.557165,sell,124294064
1601521261,2020-10-01 3:01,BTC_USD,10823.83,1.49098051,16138.11957,sell,124294066
1601521299,2020-10-01 3:01,BTC_USD,10825.13,0.00503326,54.48569382,sell,124294082
1601521305,2020-10-01 3:01,BTC_USD,10829.86,0.00534216,57.8548449,buy,124294083
1601521320,2020-10-01 3:02,BTC_USD,10824.58,0.00756748,81.91479266,sell,124294084
1601521335,2020-10-01 3:02,BTC_USD,10822.47,0.09607576,1039.77703,sell,124294089
1601521339,2020-10-01 3:02,BTC_USD,10819.25,0.09119066,986.6145482,sell,124294091
1601521354,2020-10-01 3:02,BTC_USD,10818.79,0.02309543,249.8646071,sell,124294094
1601521357,2020-10-01 3:02,BTC_USD,10818.79,0.00923262,99.88577693,sell,124294097
1601521364,2020-10-01 3:02,ETH_USD,362.39,9.68,3507.9352,buy,124294100
1601521373,2020-10-01 3:02,BTC_USD,10818.79,0.015,162.28185,buy,124294101
1601521374,2020-10-01 3:02,ETH_USD,362.4,18.09,6555.816,buy,124294104
1601521383,2020-10-01 3:03,ETH_USD,362.41,10,3624.1,buy,124294105
1601521385,2020-10-01 3:03,LTC_USD,46.47,1.391445,64.66044915,sell,124294106
1601521389,2020-10-01 3:03,BTC_USD,10817.6,0.0063855,69.0757848,sell,124294108
1601521390,2020-10-01 3:03,ETH_USD,362.42,10.1,3660.442,buy,124294113
1601521390,2020-10-01 3:03,BTC_USD,10817.5,1,10817.5,sell,124294111
